2978 5054
271 323 334 385 920
486 325 546 390 VI.
566 333 596 389 2.
629 347 852 392 cousruucrro
868 348 1006 392 nonnos
1024 349 1222 394 uranaurcn.

361 494 446 558 Sunt
468 493 583 578 viginti
605 494 761 579 ejusmodi
776 491 936 581 strophae,
954 519 1089 580 quarum
1104 521 1247 582 quaeque
1261 511 1308 563 est
1321 501 1416 566 duodo

274 621 390 664 norum
410 621 571 678 versuum,
589 602 629 664 ab
643 603 674 664 A
689 623 790 686 usque
811 605 853 667 ad
868 604 899 667 V
913 603 948 666 in
971 613 1037 666 toto
1061 605 1196 687 psalmo,
1214 605 1328 688 quibus
1340 607 1417 689 cpio

273 729 334 790 gus
357 706 489 790 triginta
509 727 659 770 versuum
679 708 831 772 succedit.
863 709 948 773 Nolo
962 708 1069 774 videre
1083 710 1299 774 assonantiam
1313 712 1419 776 finalen

273 810 462 895 bisyllabam
477 811 691 896 copulativam
706 835 787 891 -are,
802 825 835 878 et
849 815 905 878 ubi
920 813 1057 878 occurrit
1070 825 1149 899 puto
1164 835 1233 880 csse
1248 817 1362 881 factum
1373 818 1419 880 lor·

274 916 368 993 tuito,
387 939 453 980 non
475 919 633 996 consulto,
651 918 726 1002 quia
741 918 838 983 etiam
854 943 884 998 o,
901 943 1007 984 ecum
1020 941 1040 983 r
1053 921 1105 984 vel
1120 943 1194 985 cum
1210 922 1282 986 aliis
1296 922 1420 986 consonis

274 1034 351 1085 ante
373 1043 541 1087 commune
562 1023 728 1088 vinculum
750 1047 767 1087 e
786 1028 991 1104 antecedunt,
1010 1026 1060 1090 vel
1075 1027 1182 1112 potius
1198 1027 1232 1090 in
1249 1038 1337 1092 tanta
1350 1027 1421 1111 copia

273 1149 388 1192 vocum
402 1129 591 1192 exeuntium
606 1129 640 1192 in
656 1153 673 1192 e
687 1152 752 1193 non
769 1133 953 1194 antecedere
967 1152 1034 1194 non
1048 1145 1195 1216 possunt.
1220 1133 1336 1198 Nescio
1345 1133 1421 1197 ansit

273 1235 492 1313 statuendum,
510 1234 607 1298 etiam
624 1235 840 1300 assonantiam
855 1235 1012 1300 initialem
1027 1238 1124 1302 firisse
1138 1237 1173 1302 in
1188 1239 1322 1303 consilio
1335 1249 1421 1302 aucto

273 1339 327 1402 ris.
358 1340 513 1408 Quamvis
528 1341 627 1404 rarior
642 1351 701 1418 est,
718 1363 783 1404 non
799 1342 888 1419 deest
903 1353 986 1406 certe
1001 1342 1168 1426 ejusmodi,
1182 1365 1211 1408 e.
1225 1366 1275 1428 gr.
1293 1345 1328 1408 in
1340 1345 1422 1428 prima

273 1446 405 1530 stropha
424 1445 458 1510 in
481 1456 685 1529 peccatorum
701 1455 836 1530 propter
854 1469 1081 1530 praemonere,
1106 1469 1240 1532 requam
1262 1451 1420 1526 reticulam,

272 1551 340 1636 conl
345 1551 495 1636 preparati
510 1574 620 1636 penus,
640 1553 795 1617 miseruut
815 1553 915 1616 malos
930 1573 1029 1630 more,
1047 1554 1169 1618 saeculi
1181 1577 1344 1638 separare,
1359 1556 1422 1620 reat

271 1666 436 1742 ruperunt,
454 1659 544 1722 aedes
557 1667 748 1724 sanctorum.

357 1763 667 1860 Animadvertuntur
692 1765 865 1849 peculiaria
885 1767 1052 1849 quaedam.
1090 1765 1192 1830 Elisio
1212 1768 1368 1832 vocalium
1385 1767 1423 1830 rel

273 1869 537 1934 terminationum
557 1893 631 1934 cum
645 1891 677 1934 m
692 1881 767 1934 ante
782 1871 906 1934 vocales
921 1872 1005 1935 facta
1020 1871 1198 1936 interdum:
1221 1873 1353 1938 rett'culo
1365 1873 1423 1936 mb-

272 1975 355 2039 so·in
370 1997 459 2038 mare
474 1983 502 2052 1,
519 1982 549 2037 3.
567 1977 658 2038 modo
673 1997 733 2059 quo
742 1978 1307 2062 pacto-ecmuabuntsactum-altora
1320 1988 1422 2042 coatra-

272 2081 375 2146 altore
392 2087 422 2158 2,
443 2089 493 2159 10,
511 2083 567 2146 sed
581 2081 657 2145 alibi
672 2081 768 2146 etiam
783 2083 911 2160 omissa,
929 2105 958 2145 e.
972 2103 1020 2166 gr.
1040 2088 1070 2159 2,
1091 2089 1127 2145 3:
1145 2081 1353 2170 sr'cfecemnt
1364 2084 1423 2149 so'c-

272 2207 382 2252 auram
404 2196 434 2252 et
455 2188 558 2252 altare
578 2196 688 2252 conta
709 2188 823 2252 altare.
856 2191 941 2252 Ante
956 2188 1078 2252 vocales
1094 2187 1241 2254 s'abolita
1255 2192 1309 2256 vel
1322 2191 1424 2275 prolata

272 2293 356 2374 utj:
379 2294 579 2376 abundantia
587 2341 597 2370 ,
626 2296 842 2379 cocupely'ecm,
871 2295 1035 2376 asclepam
1043 2341 1053 2371 ,
1082 2294 1225 2376 dadolo,
1257 2296 1421 2378 traditione,

271 2398 365 2480 oliba,
382 2421 442 2462 nec
465 2410 573 2464 tamen
595 2411 627 2464 et
648 2400 709 2463 hoc
731 2421 865 2483 semper.
899 2402 991 2464 Duae
1012 2400 1151 2484 syllabae
1172 2401 1287 2466 breves
1307 2423 1361 2486 pro
1373 2422 1424 2464 una

271 2504 397 2568 suntin
416 2513 444 2582 1,
465 2514 498 2568 7:
517 2506 660 2590 quisquis
674 2506 784 2570 recolit
798 2505 1004 2590 eoanqclium,
1022 2505 1058 2567 ni
1072 2505 1245 2588 legendum
1260 2519 1311 2572 est
1324 2507 1398 2572 colit.

356 2611 390 2675 N
391 2633 433 2674 on
453 2611 557 2676 differt
578 2611 772 2676 constructio
787 2610 965 2674 carminum
979 2609 1122 2694 ejusdem
1137 2614 1257 2676 saeculi
1272 2614 1325 2678 vel
1337 2625 1423 2698 poste

269 2716 389 2780 riorum
411 2717 620 2802 superstitum
635 2741 675 2781 ex
690 2717 752 2780 alia
767 2717 897 2780 celticae
912 2715 1053 2779 nationis
1069 2727 1162 2794 terra,
1179 2718 1216 2782 in
1231 2743 1330 2803 quarn
1343 2718 1423 2782 chris·

270 2824 358 2887 tiana
372 2823 483 2907 religio
498 2824 594 2888 etiam
609 2823 773 2888 literarum
788 2823 912 2886 cultum
924 2821 1046 2899 intulit,
1061 2843 1102 2886 ex
1112 2823 1284 2902 Hibernia,
1298 2826 1362 2890 sive
1372 2823 1423 2888 sola

269 2929 453 2994 assonantia
474 2952 549 2994 cum
569 2941 655 2994 certo
677 2929 871 3012 syllabarum
892 2949 1026 2992 numero
1045 2928 1229 2994 dominatur
1244 2931 1280 2996 in
1295 2931 1356 3007 his,
1371 2929 1422 2992 sire

262 3047 392 3118 ,praeter
406 3057 478 3098 eam
491 3035 629 3099 latinum
644 3056 770 3118 quoque
786 3045 924 3096 metrum
938 3033 1117 3098 adhibetur.

355 3142 389 3206 S.
406 3141 547 3219 Patricii,
562 3142 781 3205 Hibernorum
795 3138 929 3222 apostoli
944 3141 998 3220 (ab
1009 3161 1039 3202 a.
1056 3147 1116 3202 433
1133 3163 1236 3224 usque
1250 3144 1291 3207 ad
1302 3163 1332 3206 a.
1348 3143 1420 3220 460),

268 3247 378 3331 nepoti
394 3247 577 3312 Secundino
592 3245 781 3311 adscribitur
797 3244 936 3329 hymnus
951 3245 1170 3328 alphabeticus
1185 3247 1220 3311 in
1236 3248 1362 3312 laudem
1373 3247 1420 3308 Pa·

269 3353 352 3416 tricii
374 3353 478 3416 adhuc
500 3353 564 3418 vivi
586 3357 652 3437 (ap.
674 3351 826 3416 Galland.
848 3359 898 3428 10,
921 3357 998 3428 1833
1023 3351 1065 3414 cl.
1083 3352 1193 3417 Vitam
1216 3353 1252 3418 S.
1278 3355 1363 3418 Patr.
1379 3371 1419 3433 ap.

267 3459 352 3523 Boll.
371 3460 468 3522 Mart.
488 3466 518 3536 2,
539 3462 625 3541 276),
644 3458 735 3542 cujus
757 3479 867 3522 vorsus
890 3455 983 3520 metri
1004 3457 1098 3520 latini
1118 3470 1265 3542 expertes
1279 3471 1312 3522 et
1327 3477 1420 3520 secun·

266 3567 345 3628 dum
365 3565 559 3649 syllabarum
579 3565 753 3650 rationem,
779 3574 816 3627 ut
836 3563 978 3648 psalmus
1001 3563 1035 3627 S.
1052 3563 1249 3648 Augustini,
1272 3557 1420 3648 compositi

264 3681 389 3754 praeter
417 3669 632 3734 assonantiam
655 3669 812 3734 initialem
834 3679 867 3732 et
888 3668 1018 3732 finalem
1040 3669 1273 3752 copulativam,
1299 3665 1420 3752 quaein

264 3777 390 3839 duobus
404 3777 547 3840 versibus
564 3777 690 3860 saepius
706 3778 805 3852 adest,
820 3797 887 3839 non
903 3785 1010 3838 tamen
1025 3795 1159 3858 semper,
1174 3773 1369 3858 frequentius
1381 3791 1421 3832 as·

263 3882 444 3947 sonantium
458 3883 587 3947 finalem
603 3883 765 3946 lateralem
780 3881 965 3944 ostendunt.
999 3880 1085 3943 Sunt
1100 3902 1128 3943 e.
1146 3902 1194 3964 gr.
1214 3879 1342 3964 stropha
1357 3879 1381 3939 A
1395 3885 1420 3936 et

262 3990 290 4050 Β
307 4010 379 4051 cum
395 3989 578 4054 assonantia
591 3987 682 4052 finali
696 3987 884 4073 plerumque
899 3986 1135 4070 monosyllaba:

412 4111 416 4194 l
434 4113 555 4183 Audite,
579 4109 583 4190 l
603 4132 700 4171 omnes
718 4113 724 4189 Ι
743 4119 869 4170 αωαηϊοε
886 4103 896 4192 ll
913 4111 1011 4181 deum,
1030 4117 1132 4169 sancta
1146 4110 1250 4170 meria

367 4216 433 4274 Viri
445 4216 477 4274 in
492 4217 610 4274 Christo
625 4213 706 4273 beati
721 4209 731 4296 ΙΙ
748 4213 857 4272 Ραῐιίοἶ
874 4213 879 4289 1
899 4212 1040 4289 episcopi,

365 4319 521 4382 Quomodo
535 4319 644 4375 bonum
658 4317 696 4374 ob
715 4317 720 4392 Ι
740 4323 836 4372 actum
852 4307 862 4394 ΙΙ
879 4313 1024 4370 similatur
1043 4314 1047 4390 Ι
1068 4313 1188 4389 angelis,

362 4421 582 4496 Perfectumque
597 4426 716 4496 propter
732 4419 821 4475 vitam
838 4410 849 4498 l
883 4414 888 4490 Ι
908 4415 1074 4492 aequaturi
1093 4414 1242 4491 apostolia.
