2986 5050
276 364 338 428 828
453 367 495 432 V.
514 371 544 428 2.
572 385 770 435 courosrrro
785 385 974 432 rrrssaruca
988 383 1263 430 rsnrrcumnurr.

277 547 343 600 tam
364 557 382 598 a
403 535 505 620 politis
526 559 623 621 quam
644 537 747 601 asine
764 548 866 600 metro
881 535 1105 612 scribentibus,
1122 533 1175 597 hic
1192 533 1288 596 homo
1302 541 1335 596 et
1348 532 1437 596 homo

276 641 343 724 hic)
360 641 416 726 Sg.
436 647 520 705 215¹.
553 643 612 705 Est
627 642 742 726 juncta
761 643 875 706 saltem
895 663 958 706 vox
978 641 1051 705 adia
1071 639 1219 724 sequenti
1233 639 1331 702 verbo
1343 637 1380 702 in
1393 659 1437 702 oo

276 745 410 810 dicibus.
444 747 528 810 Item
542 747 721 812 nuietonioo
736 751 782 832 (p.
803 751 890 830 826),
909 747 937 811 si
950 748 1084 810 verbum
1098 755 1158 808 est.

366 861 395 914 7.
425 852 613 918 Numeralia
634 874 708 917 cum
730 852 938 918 substantivis
960 852 1012 916 vel
1026 849 1189 936 adjectivis
1205 848 1393 932 composita,
1409 861 1441 911 ut

277 957 320 1022 sit
339 957 514 1021 formarum
535 959 708 1022 eorundem
730 960 840 1023 eodem
859 959 929 1024 loco
951 977 1036 1022 unus
1051 965 1252 1042 conspectus,
1265 953 1337 1039 jam
1351 975 1441 1038 supra

277 1073 462 1128 enumerata
476 1075 554 1128 sunt
569 1067 615 1149 (p.
635 1070 695 1127 308
708 1067 785 1148 sq.).

465 1334 504 1394 B.
544 1331 784 1402 Pronomina
813 1344 851 1397 et
872 1335 995 1398 verba
1016 1330 1256 1415 composita.

364 1515 450 1581 Sunt
470 1515 587 1580 rariora
607 1516 696 1580 haec.
729 1517 924 1582 Pronomina
944 1517 1123 1602 personalia
1144 1515 1336 1600 emphaseos
1355 1536 1443 1578 cansa

278 1643 386 1686 secum
401 1621 576 1706 composita
590 1633 667 1686 sunt
680 1623 795 1700 sabai,
813 1621 889 1687 sissi
902 1625 948 1706 (p.
966 1625 1053 1705 333),
1069 1621 1338 1706 componiturque
1353 1621 1442 1684 etiam

277 1749 370 1810 pron.
388 1726 451 1812 adj.
473 1729 536 1792 aila
551 1729 661 1810 (alius)
678 1739 743 1792 tam
759 1750 867 1792 secum
882 1750 978 1811 quam
993 1749 1066 1791 cum
1081 1726 1312 1791 substantivis:
1340 1725 1440 1802 aldeb,

176 1837 180 1846 '
278 1831 474 1896 indalarann
485 1845 559 1909 etc,
575 1855 711 1917 quorum
723 1833 869 1916 exempla
880 1833 963 1896 inter
974 1831 1162 1917 pronomina
1173 1843 1366 1896 enumerata
1376 1843 1444 1894 sunt

278 1939 325 2020 (p.
346 1943 419 2000 364.
439 1941 526 2021 365).
560 1939 781 2022 compositum
803 1937 880 2002 item
893 1937 1126 2021 perhibendum
1141 1947 1190 2001 est
1204 1959 1385 2022 pronomen
1392 1937 1443 2020 sc

278 2043 380 2120 desis,
389 2042 499 2128 sesain
515 2043 613 2128 (ipse;
631 2045 671 2107 cf.
689 2066 722 2127 p.
742 2047 830 2119 372).

363 2149 506 2212 Verbum
519 2170 585 2212 non
597 2171 670 2212 cum
681 2150 775 2212 verbo
787 2147 998 2233 componitur,
1013 2149 1068 2212 sed
1079 2169 1153 2212 cum
1164 2146 1311 2211 nomine.
1337 2147 1443 2212 Exem-

278 2253 370 2336 plum
384 2253 601 2316 hibernicum:
625 2251 775 2319 itbemair
790 2256 933 2338 (edaces3
951 2255 1037 2318 verb.
1056 2253 1160 2330 istim,
1177 2251 1223 2336 gl.
1242 2255 1374 2330 mando,
1393 2252 1441 2335 Sg.

279 2367 311 2420 et
326 2355 389 2441 adj.
407 2361 492 2442 meir)
509 2359 584 2423 Wb.
605 2355 669 2422 31⁵.
1386 2369 1389 2376 ’

563 2633 601 2696 0.
634 2631 878 2697 Particulae
899 2630 1160 2716 compositae.

367 2819 452 2884 Sunt
486 2819 713 2902 frequentiores
743 2799 891 2882 omnibus
920 2817 991 2880 aliis
1020 2813 1216 2899 compositis.
1267 2816 1445 2880 Occurrunt
1486 2813 1487 2818 ’

280 2927 436 3008 quaedam
451 2924 582 2988 nonnisi
595 2925 630 2988 in
645 2923 884 3007 compositione,
902 2922 982 2986 aliae
997 2931 1106 2984 autem
1120 2942 1186 2983 nou
1202 2921 1310 2984 solum
1325 2943 1444 3005 compo

280 3029 359 3094 sitae
374 3032 429 3094 sed
445 3030 541 3094 etiam
556 3040 645 3094 extra
659 3029 921 3114 compositionem
935 3037 1108 3112 separatae.
1132 3025 1225 3104 Illae,
1240 3048 1325 3108 quae
1339 3027 1444 3090 dicuu-

281 3147 334 3198 tur
346 3135 582 3222 inseparabiles,
597 3136 657 3200 hoc
668 3137 799 3200 demum
809 3135 878 3199 loco
890 3133 1123 3196 enumerandae
1135 3132 1283 3196 veniunt.
1318 3132 1444 3215 Separa-

281 3241 394 3304 bilium
415 3241 654 3325 particularum,
677 3263 734 3304 seu
755 3240 1037 3325 praepositionum,
1056 3260 1136 3321 quse
1152 3239 1223 3321 jam
1245 3247 1443 3300 enumeratae

281 3355 368 3420 sunt,
385 3345 446 3408 hoc
462 3346 531 3408 loco
546 3346 663 3410 formae
678 3357 735 3410 aut
749 3346 866 3410 iterum
881 3346 1020 3421 caedem,
1039 3343 1068 3406 si
1082 3353 1261 3419 servantur,
1278 3355 1337 3406 aut
1351 3341 1442 3405 varia·

281 3461 344 3528 tae,
361 3450 397 3513 in
412 3472 489 3534 quas
506 3461 672 3514 transeunt
687 3451 813 3535 saepius
828 3447 1116 3536 incompositione,
1134 3450 1345 3531 exponendae
1359 3457 1440 3510 sunt.

281 3555 335 3618 Fit
353 3555 467 3618 barum
488 3555 633 3619 omnium
654 3556 840 3640 compositio
861 3565 928 3620 tam
948 3576 1023 3620 cum
1042 3553 1183 3631 nomine,
1202 3552 1442 3618 substantivoet

281 3660 447 3744 adjectivo,
466 3684 563 3747 quam
578 3683 651 3725 cum
666 3663 771 3726 verbo.
1083 3667 1089 3678 '

513 3974 515 3987 .
543 3933 572 3996 1.
605 3931 848 3998 Particulae
870 3931 1182 4015 inseparabiles.

367 4121 509 4183 Possunt
523 4117 658 4182 discerni
672 4117 845 4203 particulae
857 4115 1040 4202 privativae,
1055 4113 1230 4198 particulae
1242 4111 1402 4198 qualitatis
1412 4121 1441 4171 et

281 4224 469 4289 intensivae.
508 4223 687 4288 Privativae
710 4221 884 4307 particulae
906 4221 1089 4304 exemplum
1110 4229 1276 4283 vetustum
1296 4215 1440 4302 gallicum

282 4328 367 4392 sistit
387 4349 504 4393 nomen
519 4329 681 4394 Ancalites
697 4330 804 4404 Caes,
820 4328 848 4390 si
870 4327 1031 4392 confertur
1052 4345 1170 4388 nomen
1184 4324 1311 4388 Caletes
1324 4321 1378 4403 (cf.
1395 4339 1440 4384 ar·

282 4453 360 4497 mor.
386 4433 460 4498 hod.
479 4434 575 4512 halet,
600 4435 704 4516 holed,
731 4435 841 4511 durus,
866 4434 989 4508 firmus,
1013 4430 1131 4495 cambr.
1155 4429 1231 4494 hod.
1257 4427 1352 4498 culed,
1378 4435 1437 4487 vet.
