3056 5048
278 393 341 454 576
429 380 438 399 ‘
529 393 588 456 IV.
608 397 637 455 2.
671 413 952 460 nmarosrarouns
969 413 1187 459 manamaur.

276 563 448 644 (unquam)
464 561 507 644 sq.
527 563 652 627 desecat
666 566 861 648 (nunquam)
879 571 951 641 160,
971 571 1022 627 90.
1038 565 1229 648 puitidunoa
1245 566 1366 650 (simul)
1381 576 1434 646 50,

278 669 330 729 23.
351 673 422 744 130,
442 673 471 730 e.
492 673 565 745 aoo,
586 676 635 731 14.

602 1187 775 1257 CAPUT
809 1187 1108 1258 SECUNDUM.

647 1388 704 1460 De
722 1391 1065 1482 praepositionibus.

360 1589 446 1652 Sunt
466 1587 725 1672 praepositiones,
743 1589 965 1670 praecedentes
988 1589 1187 1654 substantiva
1213 1587 1317 1672 posita
1337 1587 1369 1652 in
1388 1613 1439 1654 ca·

275 1693 363 1758 silius
390 1693 547 1776 obliquis‚'
572 1693 607 1756 in
640 1681 759 1777 linguis
786 1693 905 1756 celticis
934 1705 990 1757 aut
1020 1695 1205 1778 propriae
1236 1705 1268 1758 et
1299 1693 1440 1777 singula-
1511 1693 1512 1702 ’

274 1822 335 1876 reS,
354 1809 410 1862 aut
432 1798 686 1874 nominaleS‚
705 1799 756 1862 vel
777 1799 986 1877 substantiva,
1010 1799 1065 1863 vix
1087 1799 1252 1884 adjectiva,
1271 1822 1352 1884 quae
1373 1822 1442 1864 arua
1511 1807 1512 1872 j

274 1927 349 1968 cum
376 1904 511 1988 propriis
537 1904 823 1988 praepositionibus
845 1905 1036 1968 adhibentur
1059 1917 1097 1969 ut
1118 1906 1306 1990 singulares.
1338 1907 1442 1969 Casus
1510 1887 1512 1962 l

274 2011 405 2094 obliqui,
421 2033 499 2094 quos
513 2021 630 2094 regunt
644 2011 798 2095 propriae,
813 2021 890 2073 sunt
906 2021 1032 2074 tantum
1042 2010 1168 2081 dativus
1183 2023 1215 2074 et
1227 2011 1439 2088 accusativus,
1511 2015 1512 2060 ἶ

274 2116 308 2179 in
330 2117 442 2200 lingua
462 2116 625 2180 hibernica
642 2127 767 2180 vetusta
783 2127 868 2178 certo
884 2115 988 2178 adhuc
1003 2137 1064 2178 usu
1079 2116 1216 2180 discreti.
1248 2118 1279 2179 Α
1293 2117 1442 2180 substan·
1511 2117 1512 2192 ξ

274 2222 347 2285 tivis
362 2221 572 2286 nominalium
587 2221 654 2306 regi
667 2221 856 2305 genitivum,
874 2233 1013 2299 nonest,
1032 2224 1116 2307 quod
1131 2233 1308 2286 moneatur.

759 2475 947 2484 ——m———u

465 2732 498 2803 Ι.
553 2727 931 2822 Praepositiones
963 2728 1241 2801 hibernicae.

533 2932 572 2994 A.
606 2927 946 3012 Praepositiones
972 2928 1171 3014 propriae.
1509 2983 1512 3116 1

357 3121 442 3184 Sunt
456 3115 691 3200 monosyllabae
706 3115 757 3176 vel
771 3113 954 3196 bisyllabae,
974 3136 1108 3197 quarum
1124 3137 1277 3200 unapars
1293 3115 1378 3200 regit
1394 3139 1446 3180 se·
1510 3145 1512 3196 g

271 3225 397 3310 quentis
421 3221 611 3286 substantivi
633 3231 689 3282 aut
710 3221 854 3283 dativum
878 3230 934 3283 aut
955 3222 1181 3299 accusativum,
1199 3245 1256 3306 pro
1278 3223 1447 3306 significa·
1510 3197 1512 3304 l

271 3333 356 3395 tione
372 3351 440 3405 sua,
456 3327 575 3390 scilicet
590 3325 704 3409 quietis
719 3327 753 3389 in
769 3327 837 3389 looo
853 3326 903 3387 vel
915 3326 1064 3389 motionis
1076 3327 1109 3388 in
1122 3327 1239 3405 locum,
1254 3351 1327 3413 pars
1340 3329 1447 3391 altera
1510 3315 1512 3380 l

271 3438 374 3500 solum
390 3434 544 3509 dativum,
564 3432 656 3496 tertia
673 3432 777 3495 solum
792 3431 1018 3494 accusativum.
1052 3431 1237 3496 Secundum
1251 3434 1339 3496 huno
1356 3432 1447 3497 ordi·
1508 3387 1512 3534 l

270 3565 344 3606 nem
364 3549 592 3619 enumerantur
605 3538 668 3615 hic,
687 3537 809 3600 ratione
823 3549 985 3620 praeterea
1000 3537 1109 3601 habita
1123 3537 1281 3601 vocalium
1295 3538 1346 3600 vel
1364 3558 1446 3600 con·
1510 3535 1512 3596 l

269 3669 430 3722 sonarum,
448 3667 466 3708 a
482 3646 597 3728 quibus
612 3643 803 3706 inchoantur
818 3642 868 3704 vel
881 3641 1051 3705 finiuntur.
1511 3705 1512 3712 χ

359 3761 387 3815 1.
418 3749 752 3834 l'racpositiones
775 3769 863 3809 cum
884 3746 1020 3811 dativo
1042 3759 1082 3811 et
1103 3747 1360 3812 accusativo:
1390 3767 1445 3821 ar,
1511 3725 1512 3802 l

269 3861 315 3938 in,
324 3860 379 3945 so,
389 3859 462 3943 for,
481 3877 536 3919 con
553 3858 626 3938 (co),
646 3855 749 3917 imme.
783 3854 869 3916 Usus
890 3873 1022 3916 casuum
1042 3853 1126 3916 idem
1148 3863 1207 3930 est,
1230 3853 1286 3938 qui
1309 3853 1346 3916 in
1369 3851 1448 3916 aliis
1510 3885 1512 3940 3

268 3965 404 4049 linguis,
428 3961 527 4026 dativi
555 3961 596 4023 ad
617 3959 850 4044 designandum
872 3969 991 4021 statum
1014 3958 1148 4042 quietiS,
1171 3959 1344 4022 accusativi
1367 3967 1450 4042 post

268 4073 363 4135 verba
378 4081 501 4133 motum
516 4064 729 4149 designantia.

355 4177 428 4251 AR,
454 4195 527 4236 cum
545 4169 787 4255 pronominibus
810 4167 934 4231 suffixis
954 4169 1037 4232 AIR
1057 4169 1218 4233 interdum
1238 4171 1317 4247 ER,
1341 4181 1384 4232 ut
1411 4167 1449 4229 in

268 4279 495 4364 compositione
511 4277 602 4353 AIR,
620 4277 692 4350 ER,
708 4276 757 4338 IR
773 4279 804 4356 (e
819 4285 945 4343 vetusta
966 4275 1067 4338 forma
1088 4277 1297 4360 gallimere,
1313 4286 1345 4338 et
1362 4273 1449 4336 inde

268 4387 413 4448 inficiens
430 4393 595 4466 sequentes
611 4403 776 4456 consonas,
790 4403 823 4464 p.
835 4387 864 4442 6.
879 4383 964 4460 196),
979 4403 1035 4464 pro
1048 4392 1182 4464 utroque
1194 4403 1269 4444 casu
1281 4403 1300 4442 a
1312 4379 1448 4463 signifi-

269 4488 392 4551 catione
404 4487 495 4549 locali
507 4485 655 4569 primaria
668 4487 738 4567 (lat.
753 4487 806 4563 ad,
822 4487 920 4568 apud,
934 4507 1033 4569 germ.
1050 4488 1108 4564 oei,
1123 4491 1180 4571 oa)
1192 4487 1396 4551 abstrahitur
1408 4483 1448 4544 in
