2994 5052
323 327 384 402 720
563 327 624 391 IV.
643 334 673 409 4,
712 345 992 390 turnasemrouns
1008 347 1244 391 anrraumcaa.

319 496 450 560 fuissem
464 496 517 558 hie
533 495 686 579 quamdiu
700 495 760 577 fui)
777 503 805 573 1,
821 501 894 559 255.
912 497 971 559 Ieu
985 496 1043 560 laed
1057 519 1078 581 y
1087 497 1231 578 peredur
1244 517 1345 581 ymcy
1360 497 1449 581 dudan

319 601 398 665 heac
413 603 523 683 (certo,
540 623 658 677 revera,
676 601 782 684 inquit
798 603 851 678 Ρ.,
870 601 923 666 hic
942 601 1059 666 erimus
1074 603 1158 666 hanc
1173 605 1306 684 noctem)
1322 608 1351 679 1,
1369 607 1429 664 255.

405 705 567 769 Particula
592 706 723 770 nonnisi
751 717 825 790 post
852 705 1135 790 interrogationem
1162 708 1316 772 affirmans
1340 718 1385 770 est
1406 707 1452 770 D0

320 812 409 894 (ita):
442 811 561 895 daffroi
587 834 684 874 aarum
710 811 826 876 arthur
854 811 974 896 oqofya
992 813 1453 898 oyyepasseilcyacb.1)ocr·

316 917 427 1002 plwyd
439 917 496 980 tet
511 938 552 1001 yr
566 917 664 980 crocia
680 919 789 1002 dalym
805 918 1018 1000 (erpergefieri
1032 920 1073 980 A.
1091 930 1124 981 et
1137 940 1294 1002 quaerere,
1308 941 1348 980 an
1362 916 1454 980 dorni·

319 1021 416 1084 visset
441 1021 652 1106 aliquantum.
693 1023 760 1086 lta!
789 1023 935 1099 domine,
960 1020 1068 1104 inquit
1089 1023 1149 1100 0.,
1174 1024 1292 1107 aliquid
1316 1022 1453 1106 temporis)

319 1128 408 1190 Mab.
431 1134 458 1204 1,
479 1135 529 1190 11.
554 1151 575 1192 a
593 1129 744 1213 ymwelas
765 1129 806 1212 ef
821 1127 892 1192 atti
913 1128 970 1192 let
989 1128 1034 1192 lu'.
1052 1130 1092 1190 do
1107 1128 1165 1191 ket
1181 1129 1222 1214 ff
1230 1132 1319 1204 (num
1332 1127 1454 1192 convenit

319 1232 386 1315 ipse
402 1243 517 1310 tecum,
536 1232 743 1317 interrogavit
757 1232 836 1315 ipsa.
869 1233 938 1296 Ita!
956 1233 1120 1318 respondit
1134 1233 1176 1315 is)
1193 1240 1224 1311 2,
1244 1239 1293 1296 24.

403 1338 576 1401 Cornice
597 1349 629 1402 et
650 1338 846 1402 armoriae
867 1339 1050 1421 responderi
1071 1339 1149 1402 item
1171 1340 1265 1402 verbo
1285 1339 1452 1423 praesertin,

319 1443 382 1526 quo
402 1443 632 1528 interrogatum
650 1455 708 1521 est,
727 1444 870 1508 iterando
885 1445 937 1507 vel
951 1445 1140 1509 affirmative
1155 1445 1207 1507 vel
1221 1446 1373 1528 negative,
1390 1444 1454 1508 eolli-

318 1571 391 1632 gere
412 1549 486 1612 licet
501 1549 570 1632 jam
590 1571 608 1612 e
628 1549 809 1612 memoratis
832 1561 864 1613 et
885 1561 975 1633 patet
996 1551 1174 1634 epluribus
1190 1551 1352 1634 exemplis,
1369 1551 1454 1614 saltem

319 1654 490 1718 armoricis.
524 1655 609 1718 Sunt
626 1655 723 1718 etiam
738 1655 907 1718 armoricae
922 1655 1097 1739 particulae
1111 1656 1331 1740 respondentis
1346 1657 1454 1720 affirma·

320 1759 401 1822 tivae
417 1759 584 1842 peculiaris
596 1761 659 1823 YA
671 1763 827 1844 quaedam
841 1762 987 1845 exempla
1002 1761 1036 1824 in
1048 1761 1135 1824 Buh.
1147 1785 1154 1824 :
1174 1784 1194 1825 a
1209 1761 1275 1846 huy
1291 1784 1312 1824 a
1328 1761 1403 1826 toela
1414 1781 1454 1822 aa

319 1865 373 1927 doe
386 1889 419 1950 y.
450 1867 500 1928 Ya
516 1866 626 1930 tizmcu
639 1866 699 1948 ltcp
715 1867 826 1951 loquat
839 1889 876 1952 ry
892 1870 986 1949 (num
1002 1889 1057 1930 vos
1068 1867 1230 1951 juraretis,
1250 1869 1334 1950 quod
1347 1889 1406 1930 nou
1416 1865 1454 1926 ha·

318 1971 431 2033 buistis
448 1993 511 2048 eos,
530 1972 716 2054 argenteos?
746 1973 812 2036 Ita!
838 1971 923 2036 illico
939 1972 1007 2036 siue
1022 1971 1247 2054 haesitatione)
1267 1980 1338 2050 160,
1357 1981 1383 2034 ’1.
1404 1978 1454 2033 cta

320 2075 410 2139 touhe
432 2085 496 2140 tam
518 2099 561 2140 an
577 2087 628 2141 tra
643 2099 730 2142 moa.
761 2081 812 2142 Ya
828 2079 937 2143 demat
951 2079 1011 2162 lep
1025 2101 1085 2160 nep
1101 2081 1188 2165 atfer
1203 2083 1299 2159 (num
1314 2091 1349 2143 tu
1359 2079 1455 2162 jaare

318 2203 424 2246 revera
439 2183 522 2246 hanc
537 2183 621 2247 remi
644 2183 713 2247 Ital
738 2184 847 2247 statim
863 2185 931 2246 sine
945 2184 1052 2267 aliqua
1067 2185 1321 2268 perturbatione)
1339 2191 1403 2259 164,
1419 2187 1453 2242 u.

581 2421 625 2484 D.
658 2422 901 2487 Particulae
930 2424 1217 2487 exclamantes.

404 2605 620 2670 Cambrica
646 2608 840 2691 frequentior
864 2608 1042 2692 interjectio
1069 2619 1101 2671 et
1125 2608 1285 2692 particula
1307 2609 1455 2696 appellus

317 2711 489 2794 praemissa
509 2723 548 2776 ut
567 2713 603 2775 in
625 2713 737 2796 lingua
758 2713 922 2777 hibernica
938 2715 1093 2791 vocativo,
1112 2717 1152 2791 A,
1170 2717 1248 2792 HA,
1262 2716 1334 2799 jam
1349 2709 1456 2780 adestin

317 2817 431 2900 glossis
447 2817 571 2881 Oxou:
592 2841 613 2881 a
627 2819 711 2882 mein
717 2819 841 2904 faniau
857 2819 969 2901 (vittae
986 2819 1143 2901 tenuesl),
1162 2844 1183 2883 a
1197 2819 1250 2885 tir
1265 2831 1347 2886 atem
1362 2817 1456 2906 (nstin

317 2921 466 3004 longai),
484 2923 528 2986 Ιια
548 2923 734 2988 ανοὲὸνεηου
753 2928 786 3007 (o
802 2925 963 3008 sepultil).
996 2925 1048 2988 Ita
1068 2937 1100 2988 et
1120 2925 1154 2988 in
1170 2927 1279 2990 Mab.:
1305 2952 1327 2991 a
1348 2927 1456 2994 amicto

317 3025 360 3090 Ita
382 3028 518 3106 undena,
543 3029 586 3092 lto
607 3029 717 3094 iarlles
740 3033 773 3112 (o
795 3030 939 3102 domine!
964 3029 1159 3113 comitissal)
1175 3032 1219 3115 sq.
1244 3055 1273 3096 a.
1287 3027 1457 3120 consputa

317 3153 444 3216 oorwyn
460 3136 493 3210 (o
508 3135 649 3218 puellal)
669 3143 697 3212 1,
716 3141 767 3198 28.
786 3141 860 3198 293.

403 3239 582 3302 Particulae
602 3241 704 3323 magis
724 3239 938 3304 exclamantes
954 3251 1031 3305 sunt
1045 3241 1140 3306 0οΗ
1155 3253 1188 3306 et
1202 3243 1263 3319 01,
1283 3263 1411 3326 quanm
1421 3237 1458 3301 ill

317 3340 489 3420 interdum,
507 3345 585 3408 haec
600 3368 723 3428 semper
737 3346 952 3430 appellantem
966 3369 987 3410 a
1002 3358 1075 3430 post
1089 3369 1122 3410 se
1137 3348 1245 3412 habet.

403 3449 515 3512 OCH:
543 3449 599 3514 och
613 3451 671 3514 Iret
685 3475 706 3537 y
722 3451 859 3514 riannon
868 3451 992 3534 pulsam
1006 3454 1108 3538 yrody
1123 3455 1160 3517 di
1173 3455 1256 3518 atteb
1273 3455 1362 3540 uelly
1379 3457 1414 3536 (o,
1425 3449 1459 3512 in·

318 3555 389 3638 quit
403 3556 460 3631 R,
479 3577 535 3618 cur
553 3556 609 3618 das
625 3566 661 3619 tu
676 3556 721 3619 ite
735 3557 974 3640 responsionem
982 3557 1008 3640 i)
1025 3559 1113 3622 Mab.
1134 3566 1164 3635 3,
1183 3565 1235 3622 21.
1262 3561 1382 3624 arthur
1394 3553 1459 3620 aab

315 3661 414 3744 qoud
424 3661 594 3744 ymdanaw
608 3650 738 3747 y'eynet
750 3686 772 3748 y
786 3685 912 3748 ymwcn
927 3683 966 3727 ar
981 3664 1169 3728 marchawe.
1192 3663 1259 3727 Oct
1271 3657 1459 3751 arqlwydtat

318 3788 339 3850 y
355 3765 543 3848 qualcbmei
553 3767 692 3852 polyani
704 3778 797 3854 vynet
810 3791 831 3853 y
845 3791 972 3854 ymwan
986 3769 1222 3854 artmarctawq
1236 3793 1281 3855 yn
1294 3769 1458 3856 qyatosld·

319 3892 352 3934 se
367 3870 474 3933 induit
488 3870 591 3934 iturus
607 3885 762 3936 certatum
776 3895 850 3937 oum
865 3875 982 3957 equite.
1015 3875 1126 3938 Heusl
1144 3875 1286 3952 domine,
1305 3875 1409 3960 inquit
1419 3873 1458 3941 fia

318 3976 466 4059 permitte
488 3975 567 4038 mihi
589 3976 633 4040 ire
649 3979 689 4042 ad
704 3991 864 4043 certamen
879 4002 953 4043 cum
968 3979 1074 4063 equite
1089 3980 1262 4064 primuml)
1284 3989 1311 4058 1,
1334 3987 1388 4045 21.
1416 3972 1460 4040 Od

318 4081 420 4144 ereiat
434 4081 491 4144 bed
507 4082 549 4165 ef
556 4103 593 4144 oe
609 4082 670 4147 lidi
682 4086 783 4170 yaeyd
793 4107 869 4170 ymo
881 4087 974 4168 (heus
987 4086 1132 4164 Gerenti,
1148 4097 1224 4149 tune
1239 4109 1274 4150 es
1286 4087 1374 4169 hiel)
1390 4095 1414 4162 1,
1425 4087 1459 4144 51·

319 4187 413 4250 ΟΟΗ
430 4189 476 4250 A:
502 4187 591 4252 erati
607 4211 628 4273 y
642 4191 779 4275 oeaadyth
794 4191 950 4256 awnaeth.
977 4193 1045 4256 Oct
1059 4215 1080 4256 a
1096 4201 1191 4256 baon
1207 4192 1265 4256 hed
1281 4195 1324 4278 ef
1332 4217 1376 4280 ny
1393 4189 1461 4278 dytis

198 4353 203 4364 ,
316 4293 422 4376 qaffol
442 4293 577 4378 beadytd
597 4297 740 4377 (poscere
761 4297 1013 4362 benedictionem
1028 4298 1143 4384 coepit.
1175 4300 1290 4363 Heus!
1314 4301 1417 4376 miser,
1430 4295 1461 4356 in·

321 4397 401 4479 quit,
421 4419 485 4460 non
507 4401 636 4464 mereris
651 4402 791 4485 accipere
806 4404 1073 4486 benedictionem)
1090 4405 1177 4468 Mab.
1200 4413 1229 4483 1,
1248 4409 1324 4470 287.
1351 4407 1462 4472 oolam
