3056 5048
301 373 363 437 IV.
382 377 414 436 2.
449 391 730 438 rumostrronss
746 391 983 436 nurrsnrrcsr.
1165 373 1228 436 623

70 542 153 608 oditis
167 541 296 625 saepius
312 551 477 625 separatur
491 563 509 604 o
523 541 597 618 hoo,
614 561 682 604 non
696 542 803 621 bene).
829 541 920 624 Sing.
942 548 970 604 1.
987 561 1070 624 pers.
1083 563 1090 604 :
1108 543 1234 626 meoept'

71 647 191 731 oluoafi
211 647 278 731 yttt'
298 649 342 731 dy
366 646 456 731 astes.
473 646 596 731 menapi
617 668 635 708 o
655 646 766 730 Itonafi
785 646 848 730 ytlt'
861 648 903 731 dy
920 646 964 709 les
979 645 1056 727 (dici
1072 669 1155 710 ome
1171 649 1230 712 tibi

72 752 292 816 detrimentum
314 763 419 828 tuum,
445 751 646 814 commodum
668 763 771 827 tuum,
789 771 855 814 non
877 751 1007 827 bonum,
1026 753 1147 816 bonum
1167 757 1229 835 est)

72 859 150 920 Meb.
166 865 194 934 1,
212 864 244 920 6.
263 864 314 920 19.
341 863 372 918 2.
389 877 492 940 pers:
510 877 562 920 am
579 857 636 920 lad
649 855 765 920 atomo
780 855 878 920 tillem
891 879 913 939 p
925 855 1126 940 qwrprt'owt
1139 857 1184 920 ti.
1198 905 1226 922 ..

72 972 166 1047 myrtei
185 963 305 1026 otonat
325 985 347 1047 y
370 963 418 1047 lys
439 961 552 1026 arthur
568 963 622 1044 (ob
643 961 781 1026 occisum
804 983 823 1024 a
843 971 874 1026 te
891 961 993 1043 ipsius
1007 963 1168 1040 moritum,
1189 1011 1197 1026 .
1217 1009 1226 1028 .

71 1069 150 1152 pergi
168 1091 188 1132 a
212 1081 245 1132 te
266 1069 308 1130 ud
329 1067 437 1130 sulum
458 1069 513 1144 A„
539 1072 675 1150 oportet)
695 1065 783 1130 Mab.
805 1075 833 1142 1,
853 1070 926 1128 tto.
953 1073 983 1128 3.
1007 1087 1089 1150 pers.
1108 1089 1225 1133 maso:

71 1175 199 1238 admon
221 1193 344 1236 aomo.
365 1220 372 1234 .
390 1171 534 1257 rypuffel
551 1173 698 1257 dyrnawt
718 1169 909 1256 aopheoawl
926 1169 1056 1235 olonae
1073 1174 1229 1253 (animad-

71 1289 179 1342 vertere
195 1277 315 1360 eoepit,
333 1278 489 1359 accepisse
503 1277 631 1360 plagam
646 1278 800 1342 letiferum
815 1279 854 1340 eb
870 1299 917 1353 eo,
936 1277 1072 1357 Oweno)
1088 1279 1175 1342 Mob.
1197 1287 1225 1356 1,

75 1389 117 1444 13.
145 1385 255 1446 Fem.:
282 1382 386 1466 elybot
404 1379 516 1446 oltonei
529 1381 638 1445 hitheu
653 1391 783 1446 eutrwst
795 1383 866 1466 hwy
881 1383 1033 1467 yndyuot.
1050 1383 1143 1446 redeo
1157 1383 1229 1446 oho-

70 1487 118 1548 Μ’
127 1509 170 1571 yn
184 1507 226 1548 eu
238 1485 360 1570 herbyn
371 1507 389 1548 o
401 1487 543 1570 lewenpd
553 1490 641 1569 (eum
652 1486 837 1550 audirentur
848 1487 888 1549 ab
899 1509 947 1562 ee,
961 1483 1104 1562 muliere,
1119 1509 1228 1552 eorum

69 1611 186 1672 gressus
210 1589 421 1667 venientium,
438 1605 569 1656 ventum
588 1594 628 1656 ab
643 1613 680 1655 eo
694 1592 729 1654 in
743 1611 853 1655 eorum
867 1611 1033 1656 ooeursum
1048 1613 1123 1675 prae
1138 1594 1228 1657 loeti·

70 1694 121 1776 tis)
135 1697 225 1758 Mub.
241 1701 272 1772 2,
288 1701 362 1758 216.
379 1701 451 1758 117.
480 1697 570 1760 Ρ1111.
588 1705 617 1760 1.
631 1715 733 1780 pers:
750 1717 816 1780 yso
830 1697 943 1780 pmlad
955 1719 1097 1760 awnoem
1111 1698 1230 1764 ninom

69 1821 201 1883 ymaro.
220 1821 261 1863 ar
271 1802 329 1864 neb
341 1801 415 1863 anei
425 1801 567 1886 drochus
575 1801 709 1864 eitonam
720 1824 741 1864 a
750 1800 855 1885 paffet'
866 1825 887 1887 y
899 1821 991 1864 maest
1004 1803 1095 1882 (tunc
1106 1823 1229 1886 pugno·

68 1906 166 1970 bimus
189 1928 250 1968 nos
268 1906 308 1967 de
328 1905 433 1988 lapide
448 1917 481 1969 et
495 1906 551 1990 qui
565 1907 661 1970 fuerit
675 1906 864 1968 fortissimus
880 1927 897 1968 e
912 1906 1015 1982 nobie,
1033 1907 1136 2000 capiet
1150 1908 1229 1991 lepi-

69 2011 149 2092 dem)
165 2011 256 2073 Mab.
278 2017 314 2086 1,
334 2017 407 2074 277.
434 2017 465 2074 2.
482 2031 585 2094 pers:
614 2033 659 2074 un
684 2010 853 2074 okonawotl
879 2009 962 2074 ehwi
985 2031 1038 2074 am
1063 2011 1191 2095 lymero
1218 2013 1233 2077 ι’

69 2119 163 2197 (unus
185 2137 204 2178 e
224 2115 314 2179 robis
337 2127 441 2179 sumet
461 2119 527 2198 me)
548 2117 636 2178 Mob.
658 2121 693 2192 1,
713 2121 764 2177 21.
791 2121 821 2177 3.
842 2135 946 2198 pers:
973 2113 1080 2178 raetol
1099 2137 1156 2178 eur
1177 2137 1229 2181 am

64 2243 147 2302 penu
162 2223 228 2304 pol
250 2242 295 2284 on
316 2221 455 2285 otonem
469 2219 619 2302 (frontale
641 2239 773 2282 aureum
790 2219 909 2282 circum
923 2229 1020 2301 eaput
1035 2219 1174 2301 cujusvis
1190 2241 1230 2284 ex

71 2325 124 2406 eis)
140 2327 229 2389 stab.
251 2335 284 2401 1,
305 2331 335 2386 3.
360 2345 396 2387 or
424 2325 529 2389 diwed
550 2325 622 2388 tewt'
642 2325 803 2388 okoommt
823 2323 966 2404 (tandem
991 2323 1087 2387 taceri
1108 2327 1148 2388 ab
1170 2327 1229 2408 eis)

71 2431 155 2493 stab.
176 2439 204 2508 1,
224 2437 298 2492 248.
330 2429 390 2494 Est
415 2441 522 2494 tumen
549 2429 645 2492 etiem
670 2451 727 2512 pro
754 2429 834 2492 olon
859 2427 960 2490 forms
985 2439 1078 2491 aucta
1103 2431 1229 2494 ONAD

71 2536 238 2618 (disjuncte
258 2535 337 2600 item
356 2537 548 2616 interdum):
573 2531 682 2616 aphris
702 2555 720 2596 o
741 2533 809 2596 batt
829 2533 933 2616 melyn
956 2553 1008 2596 am
1024 2534 1082 2614 bop
1097 2555 1140 2596 uo
1155 2557 1229 2599 ono·
1287 2599 1289 2604 ,

71 2641 148 2704 dunt
157 2646 202 2722 (et
218 2641 360 2704 tunicae
374 2661 482 2724 panno
496 2641 578 2703 flavo
592 2641 711 2702 circum
726 2639 867 2721 quemvis
883 2659 923 2699 ex
935 2637 991 2714 eis,
1005 2639 1126 2720 pueris>
1139 2641 1227 2704 Mab.

74 2752 101 2820 l,
119 2753 148 2807 3.
173 2746 283 2830 tepaeh
302 2769 343 2830 pr
365 2745 490 2829 haeres
504 2747 647 2808 ooaduttt
661 2745 731 2828 looy
753 2765 812 2806 nor
826 2763 953 2826 oorwyn
970 2743 1093 2827 deekas
1101 2745 1229 2824 (formo-

71 2849 131 2912 sior
150 2853 288 2914 maxime
308 2850 456 2913 deformis
471 2869 511 2912 ex
526 2850 583 2924 eis,
600 2849 726 2931 puellis,
745 2868 840 2930 quam
855 2847 962 2930 puella
977 2847 1226 2932 formosissima),

72 2955 210 3019 oelweeh
233 2957 377 3018 onaduot
390 2951 555 3039 opymerth
570 2976 612 3038 top
627 2953 748 3016 moreh.
770 2996 778 3014 .
799 2999 807 3014 .
826 2951 970 3016 aeltweok
985 2951 1078 3014 ereill
1090 2955 1231 3018 onadunt

72 3062 230 3144 womero
249 3083 289 3145 oy
311 3081 412 3122 amen
428 3062 473 3138 (et
491 3079 602 3122 senex
617 3057 662 3120 eis
676 3077 817 3120 sumsere
831 3077 960 3139 equum,
979 3067 1010 3118 et
1025 3077 1080 3118 sex
1095 3057 1175 3120 uliae
1190 3079 1230 3121 ex

73 3164 115 3226 eis
131 3187 267 3228 sumsere
282 3177 475 3228 armaturam
490 3166 606 3244 meam)
623 3163 711 3225 Meb.
732 3169 761 3238 1,
777 3169 807 3222 4.

153 3271 326 3334 Gorniee
348 3279 381 3332 et
401 3265 599 3330 armorico
622 3267 700 3330 haee
720 3263 910 3348 praepositio
932 3277 981 3328 est
995 3267 1036 3341 Α,
1054 3266 1230 3330 destituens

12 3405 13 3408 ¹
74 3387 234 3454 sequentes
257 3385 424 3448 oonsonos,
442 3373 583 3455 ejusdem
597 3393 686 3448 usus,
704 3371 796 3454 cujus
811 3381 859 3431 est
873 3371 990 3431 cambi.
1009 3393 1037 3446 o,
1056 3371 1095 3432 ad
1111 3371 1231 3454 signifi-

73 3480 205 3542 candum
226 3480 345 3554 locum,
364 3491 500 3560 tempus,
519 3497 646 3539 oausam
661 3487 735 3551 ete„
754 3475 805 3536 vol
818 3473 996 3554 genitivum
1011 3485 1042 3536 et
1058 3476 1232 3540 ablativum

74 3581 202 3646 latinum
223 3595 297 3666 post
318 3581 528 3658 substantivo,
554 3579 718 3663 adjectivo,
736 3579 842 3640 verba.
876 3579 1006 3640 Formae
1028 3589 1139 3642 auctae
1158 3603 1232 3644 cum

75 3689 308 3766 pronominibus
324 3687 448 3748 suffixis
463 3697 540 3748 sunt
551 3685 628 3748 item
639 3705 713 3747 cum
725 3705 745 3747 a
756 3703 843 3746 eom.
857 3703 970 3746 nrmor.
985 3683 1127 3760 AHAN,
1142 3707 1229 3748 corn,

76 3791 237 3868 ANETH,
255 3813 370 3854 armor.
388 3791 520 3854 ANEZ.

156 3897 310 3980 Exempla
325 3896 450 3958 cornice
465 3893 617 3977 simplicis
632 3895 766 3957 somnae:
785 3915 834 3977 toy
850 3915 870 3955 a
883 3893 938 3976 bys
953 3914 973 3954 a
985 3891 1047 3954 kon
1056 3893 1150 3975 polim
1162 3895 1231 3974 <vos

77 4017 147 4079 rogo
160 4023 177 4062 e
190 4001 277 4062 fideli
293 4001 399 4081 corde)
417 4001 506 4062 Poss.
527 4006 556 4074 1,
578 4006 605 4060 1.
625 4021 683 4081 pa
696 4019 757 4080 nep
772 4021 793 4060 a
808 3999 880 4060 lena
896 4019 958 4080 uqa
973 3998 1034 4080 dtp
1050 3997 1233 4079 (jusserunt

78 4102 153 4165 ferre
173 4126 223 4167 eos
243 4127 283 4168 ex
297 4127 336 4167 eo
356 4105 439 4185 loeo)
457 4109 530 4180 223,
549 4111 580 4165 4.
604 4123 693 4166 mear
707 4125 728 4164 a
736 4103 851 4186 polyd
860 4123 959 4186 panse
973 4123 994 4164 a
1010 4101 1154 4185 ththow
1169 4102 1233 4185 hap

79 4229 99 4268 a
118 4209 364 4290 postmultum
390 4209 500 4292 populi
524 4229 599 4271 oum
618 4227 655 4270 eo
678 4229 697 4269 o
719 4209 849 4270 dextere
869 4217 902 4270 et
922 4228 942 4268 n
964 4205 1105 4286 sinistre)
1122 4213 1179 4281 97,
1199 4214 1229 4268 3.

80 4331 163 4372 tneor
176 4335 195 4374 a
207 4315 285 4399 beyn
300 4337 320 4376 α
336 4313 475 4398 wolheey
491 4313 644 4395 (multum
659 4311 774 4374 doloris
791 4311 916 4393 toleret)
934 4317 985 4385 54,
1008 4316 1035 4371 1.
1054 4310 1132 4391 pion
1149 4309 1205 4392 off
1212 4331 1231 4372 a

81 4435 160 4498 moys
177 4441 216 4482 ao
229 4419 356 4482 drmnos
371 4419 485 4500 (puros
501 4439 572 4482 sum
587 4439 606 4480 e
621 4415 777 4500 sanguine
797 4415 857 4478 viri
871 4414 974 4498 probi)
994 4420 1066 4490 149,
1086 4419 1115 4474 2.
1148 4415 1231 4477 Cum
