3082 5070
584 447 756 491 annuunt.
1178 425 1259 488 1137

82 601 169 686 phae
191 621 266 664 eum
281 596 464 662 assonantia
478 596 569 660 finali
583 596 661 660 item
676 597 873 674 continuata,
892 595 1071 660 alternante
1087 605 1193 658 tamen
1209 593 1258 658 in·

83 719 134 770 ter
148 705 286 790 syllabas
302 725 334 780 o,
348 723 429 786 quae
444 701 580 786 primam
591 713 624 766 et
635 701 781 766 ultimam
793 701 959 787 stropham
971 711 1115 785 occupat,
1130 711 1163 765 et
1174 700 1258 764 inter

82 832 124 874 us
146 820 179 874 et
194 831 259 886 um,
278 829 358 892 quae
376 807 410 870 in
425 806 539 872 mediis
554 807 711 871 obtinent.
744 809 815 872 Has
830 809 987 894 proferam
1001 809 1042 870 ob
1057 807 1188 871 nomina
1203 809 1257 870 ab·

82 918 200 980 batum
221 915 256 978 in
271 915 317 978 eis
333 923 480 978 enarrata
494 913 569 976 inde
584 936 603 976 a
618 911 789 997 Corngillo,
808 913 961 998 magistro
976 913 1169 978 Golumbani
1184 913 1257 976 fun-

83 1021 206 1086 datoris
221 1019 486 1084 monasteriorum
501 1018 535 1082 in
552 1029 634 1082 terra
648 1019 838 1096 continenti,
853 1030 891 1082 ut
901 1019 996 1082 refert
1007 1021 1107 1084 Jonas
1120 1018 1257 1082 Bobien·

83 1127 142 1204 sis,
160 1147 262 1209 usque
283 1127 323 1189 ad
339 1127 535 1201 Cronanum,
554 1125 610 1208 qui
632 1125 713 1188 vixit
734 1126 816 1188 eirca
838 1125 980 1188 medium
995 1125 1113 1190 saeculi
1129 1124 1257 1208 septimi

84 1233 143 1314 (cf.
162 1233 283 1296 Murat.
300 1231 398 1315 praef.
417 1253 450 1314 p.
471 1235 542 1292 124.
565 1235 656 1313 125):

133 1387 267 1459 lAmavit
283 1386 433 1470 lobristus
451 1387 704 1468 {Comgillum
725 1383 735 1469 ΙΙ
751 1389 826 1446 bene
842 1395 872 1445 et
889 1385 964 1468 lipsa
980 1389 1139 1459 dominam,

131 1511 230 1550 carum
249 1487 364 1571 lhabuit
378 1493 606 1566 Beognoum‚
627 1483 637 1570 ΙΙ
654 1491 794 1548 domnum
812 1485 937 1570 'ornavit
954 1487 1141 1571 medeam,

129 1593 221 1669 elegit
236 1587 383 1674 {sanctum
401 1591 615 1671 minianum,
637 1587 647 1674 l
664 1593 808 1650 famosum
826 1592 939 1670 {mundi
956 1587 1147 1670 {magistram

130 1715 207 1771 quos
225 1690 407 1774 lconvocavit
421 1695 555 1752 dominus
572 1688 582 1774 ll
601 1691 762 1772 lcoelorum
777 1694 859 1768 regni
874 1693 1001 1750 sedibus.

132 1851 256 1906 Gratum
274 1843 355 1928 {fecit
371 1841 640 1926 lFintenapam
657 1839 668 1926 ΙΙ
683 1845 831 1914 heredem,
852 1839 985 1920 inimum,
1007 1839 1161 1924 liuditum,

132 1947 313 2030 {inlustravit
326 1948 601 2017 Maclaisreum,
621 1941 633 2028 ll
650 1953 738 2024 caput
754 1941 905 2025 labbatum
923 1943 1072 2026 lomniam‚

130 2051 266 2127 lampade
283 2046 378 2129 lsaera
392 2051 611 2124 Esegenam,
632 2043 642 2130 ΙΙ
661 2045 812 2128 lmagnum
829 2045 1001 2126 iscripturae
1018 2045 1182 2128 immicum,

131 2173 207 2230 quos
225 2148 405 2228 lconvocavit
419 2151 552 2208 dominae
569 2145 579 2231 {l
599 2152 756 2228 1coelorum
770 2151 852 2226 regni
868 2150 993 2208 sedibus.

132 2307 232 2364 Notus
246 2304 291 2361 vir
305 2311 367 2362 erat
381 2306 581 2374 Benenate,
602 2297 748 2385 {lomatus
764 2309 794 2360 et
811 2299 1061 2382 lcuminenua,

131 2415 233 2485 pastor
249 2403 442 2486 lColumba
459 2403 625 2481 'congruae
646 2399 656 2486 ll
674 2405 792 2480 querela
809 2401 933 2484 {absque
950 2403 1143 2482 lAidanaa,

132 2517 227 2568 rector
245 2503 353 2588 lbonus
370 2503 602 2587 lBaitbenar,
623 2501 633 2586 l
650 2525 785 2565 summus
798 2507 920 2566 antistes
938 2503 1172 2586 lCrotanas,l

132 2629 208 2685 quos
226 2605 408 2688 lconvocavit
423 2609 556 2666 domimo
572 2603 582 2688 ll
601 2605 760 2680 lcoelorum
774 2609 857 2684 regni
872 2607 997 2666 sedibus.

132 2762 237 2820 Tantis
253 2761 394 2819 successit
411 2760 447 2842 lC
457 2781 617 2832 amanus,
639 2757 649 2843 ll
665 2762 709 2818 vir
726 2761 875 2840 {amabilis
892 2757 1047 2842 lomnibue.

92 2875 97 2884 '
132 2858 266 2945 lChristo
281 2883 359 2921 nunc
377 2859 472 2942 lsedet
488 2868 663 2941 lsupremua
685 2859 695 2942 ΙΙ
711 2865 835 2938 hymnos
853 2859 973 2942 leunens
991 2859 1215 2943 lquindecimae,

132 2985 207 3023 zoen
219 2971 253 3022 ut
269 2965 381 3044 lcarpat
397 2963 436 3042 lC
442 2983 614 3034 ronanus,
636 2960 646 3044 ll
665 2973 827 3045 yconservet
842 2985 909 3022 eum
925 2965 1069 3026 dominas.

133 3063 249 3143 quos”
266 3061 449 3144 lconvocabit
464 3067 597 3124 dominae
613 3061 623 3145 ll
643 3063 802 3146 {coelorum
817 3068 899 3140 regni
915 3067 1042 3125 sedibus.

176 3217 208 3280 N
211 3237 252 3278 on
275 3226 323 3278 est
338 3217 423 3297 quod
438 3227 618 3292 moneatur,
637 3215 866 3292 assonantiam,
884 3239 965 3300 quae
980 3217 1189 3280 continuatur
1203 3241 1260 3302 per

86 3323 234 3386 membra
255 3320 417 3397 exeuntia,
435 3319 572 3383 inveniri
595 3321 758 3384 lateralem
780 3343 918 3405 quoque,
936 3333 973 3384 ut
995 3315 1028 3383 in
1050 3325 1260 3406 praecedente

30 3485 36 3496 .
87 3427 242 3494 carmine.
277 3427 317 3489 ln
337 3425 387 3489 his
409 3427 534 3490 duobus
555 3425 654 3510 igitur
676 3427 870 3490 carminibus
890 3427 985 3491 etiam
1000 3451 1057 3512 per
1071 3429 1177 3514 plures
1193 3453 1260 3494 ver·

87 3557 145 3600 sus
168 3531 358 3596 continuata
379 3532 536 3615 reperitur
555 3555 621 3596 una
643 3533 826 3598 assonantia
848 3533 965 3611 finalis,
991 3535 1047 3618 qui
1067 3557 1136 3599 mos
1153 3547 1260 3600 tamen

87 3639 204 3706 solitus
221 3649 269 3701 est
283 3637 413 3701 nonnisi
426 3639 593 3702 cambriois
608 3637 813 3702 carminibus.
847 3641 909 3702 Per
922 3641 1087 3724 pauciores
1104 3663 1177 3706 vero
1194 3665 1260 3705 ver-

86 3768 144 3812 sus
161 3745 212 3808 vel
228 3745 368 3807 membra
384 3745 567 3808 assonantia
582 3744 768 3808 continuata
784 3745 838 3826 (cf.
854 3767 886 3828 p.
902 3751 978 3827 914)
994 3747 1091 3809 etiam
1106 3746 1141 3809 in
1156 3747 1259 3810 hiber-

86 3852 172 3916 nicis
192 3850 269 3914 satis
293 3861 445 3914 consueta
466 3850 564 3914 fuisse
587 3851 722 3926 videtur,
740 3871 815 3912 cum
839 3862 984 3914 occurrat
1005 3873 1033 3914 e.
1051 3873 1099 3932 gr.
1117 3873 1173 3934 per
1196 3864 1259 3915 tres

87 4009 231 4019 ...-—--—
252 4009 298 4014 ---

160 4109 174 4136 ⁸
193 4107 290 4162 Reddo
309 4107 427 4172 nomina,
443 4113 475 4160 ut
486 4106 554 4178 legit
565 4107 627 4160 Am.
641 4107 757 4178 Peyron.
782 4109 871 4162 Aliter
888 4109 959 4161 enim
973 4107 1041 4178 legit
1053 4107 1185 4178 quaedam
1197 4107 1260 4161 Mu-

86 4193 217 4258 ratorius,
238 4192 341 4246 scilicet
361 4192 520 4258 Simlonam,
540 4193 730 4257 Florentinum,
752 4193 973 4257 Mocblot'areum,
988 4193 1131 4264 dopmnum,
1150 4195 1261 4248 comne-

86 4297 148 4344 nus,
165 4277 331 4332 Boutltcn'oa
342 4295 391 4350 pro
403 4278 562 4343 Baithmare,
580 4280 721 4332 ermanus
732 4295 782 4348 pro
797 4280 939 4332 Crotonae.

146 4364 175 4392 ‘⁸
193 4363 353 4434 Legendum
371 4381 447 4434 quem
465 4364 501 4418 ob
519 4364 571 4418 lut.
591 4363 759 4428 convocabit,
781 4366 934 4418 (rhenonum
954 4363 1043 4417 adhuc
1061 4363 1210 4430 virentem,
1232 4373 1263 4418 ut

85 4459 166 4523 patet
184 4466 199 4502 e
217 4447 440 4520 praecedentibus
459 4449 594 4503 versibus:
615 4467 688 4504 nunc
701 4449 785 4512 sedet,
800 4467 865 4504 zoen
881 4449 983 4519 (vitem)
998 4457 1030 4503 ut
1041 4457 1141 4520 carpat,
1157 4468 1263 4505 conser-

86 4543 134 4590 vet
147 4551 210 4588 eum
224 4534 363 4587 dominus.
386 4533 438 4587 Est
450 4534 549 4587 saecrdi
562 4535 669 4605 septimi
682 4533 766 4604 igitur
778 4535 823 4588 hic
835 4535 960 4606 hymnus.

139 4633 210 4675 vor..
225 4619 265 4672 11.
1034 4628 1072 4684 72
