2978 5054
211 367 267 430 Vl.
289 373 317 429 l.
349 383 574 431 consrnucno
589 385 802 430 snoaournrs
820 387 1009 432 nrssaarcr.
1132 369 1195 431 898

56 538 146 615 hhottr,
159 537 238 620 volo)
253 533 316 600 10⁵.
344 537 511 602 Praecedit
520 557 696 621 pronomen
708 537 922 620 possessivum
937 537 1033 602 etiarn
1049 538 1083 601 in
1099 561 1195 623 supra

54 644 205 708 memoratis
226 643 379 728 exemplis
401 644 616 707 sommae:
642 643 706 707 iseo
723 643 905 708 cruditavit
926 645 1015 708 donn
1030 645 1191 730 saae'sar'n.

54 749 99 813 isti
109 750 193 814 t'csdl
203 750 356 814 arcruelte
371 751 470 814 duan.

119 861 145 918 8.
174 857 338 920 Formulae
364 853 562 939 pronominis
583 855 823 919 demonstrativi
845 855 945 932 ira-ao,
970 855 1071 920 ira-ein
1091 857 1193 920 inclu-

51 961 133 1024 dentis
153 983 214 1024 non
237 963 339 1026 solum
362 961 610 1039 substantivum,
636 961 820 1038 sedetiam,
846 961 874 1024 si
896 983 962 1024 una
984 985 1058 1026 eum
1080 985 1118 1026 eo
1139 965 1193 1028 ad·

50 1079 117 1143 sunt,
140 1067 300 1152 adjectiva,
318 1066 505 1144 numeralia,
526 1068 671 1152 exempla
688 1067 758 1151 jam
780 1068 903 1151 prolata
925 1080 1002 1132 sunt
1023 1067 1058 1131 in
1078 1091 1192 1152 prono·

49 1175 115 1236 nine
128 1179 170 1257 (p.
189 1177 276 1257 354).
308 1174 361 1238 Fit
380 1175 467 1238 idem
487 1195 623 1257 semper,
640 1173 737 1237 etiam
759 1173 786 1236 si
808 1175 928 1238 adsunt
942 1173 1023 1238 aliae
1037 1185 1070 1238 et
1084 1175 1193 1258 plures

48 1301 118 1342 rooes
136 1301 154 1342 a
167 1280 366 1343 substantivo
381 1281 615 1363 dependentes:
632 1279 858 1364 sarracenelae
871 1278 1017 1344 metirar'n
1033 1281 1091 1363 (gl.
1109 1281 1194 1345 inter

47 1383 299 1469 hendecasyllabos
314 1385 494 1470 phalecios;
512 1385 535 1448 i.
554 1407 581 1449 e.
600 1385 660 1449 hoo
675 1405 777 1469 genus
791 1384 899 1466 metri)
916 1385 972 1467 Sg.
992 1391 1034 1448 8“.
1061 1387 1192 1450 arcario

45 1491 414 1576 umhsothairctheet'n
426 1491 485 1575 (gl.
500 1493 541 1554 ad
556 1492 685 1555 balneas
700 1489 885 1575 pallacium,
901 1490 934 1553 in
947 1492 997 1554 ed.
1013 1491 1189 1569 Palatinas,

45 1597 124 1660 Prisc.
143 1606 190 1675 14,
210 1605 248 1674 3;
268 1598 290 1661 i.
306 1619 334 1662 e.
353 1619 429 1661 nam
444 1597 568 1661 invenit
583 1597 642 1662 hoc
657 1619 760 1681 genam
775 1595 899 1672 balnei;
917 1597 1093 1680 praemittit
1107 1599 1191 1682 glor·

42 1715 109 1766 sator
133 1703 247 1767 latine:
275 1705 315 1767 de
334 1703 460 1767 nomine
478 1703 678 1786 philosophi)
700 1703 755 1787 sg.
777 1707 861 1764 217¹.
890 1703 1093 1787 conquebatur
1113 1705 1191 1770 inno

42 1807 173 1873 aalma
191 1819 315 1874 morire
335 1831 369 1873 so
392 1809 612 1893 (continentur
634 1809 712 1873 haec
735 1807 796 1872 tria
815 1831 933 1893 genera
956 1809 1114 1894 martyrii)
1130 1812 1189 1876 Co-

40 1935 134 1980 uuae.

107 2029 134 2084 l.
159 2022 394 2086 Pronominum
415 2021 727 2106 interrogativorum‚
745 2043 826 2104 quae
841 2043 967 2106 semper
980 2025 1186 2106 praecedunt,

38 2125 141 2190 etiami
164 2130 257 2192 adest
283 2129 486 2213 praepositio,
510 2127 705 2193 constructio
726 2127 795 2212 jam
821 2147 917 2211 supra
942 2141 1115 2195 memorato
1140 2143 1189 2196 est

37 2234 73 2315 (p.
88 2239 153 2297 aar.
172 2239 264 2317 aaa).

105 2347 133 2402 5.
156 2339 363 2405 Relationem
388 2339 550 2404 hibernice
576 2339 749 2423 significari
773 2359 840 2404 non
866 2339 970 2404 solum
990 2343 1187 2425 pronominis

35 2443 137 2508 relativi
157 2447 269 2512 formis
292 2445 446 2510 absolutis
461 2447 512 2510 vel
526 2446 645 2522 infixis,
664 2446 831 2510 sedetiam
846 2445 954 2510 formis
969 2448 1104 2532 propriis
1119 2471 1187 2514 rer·

35 2547 137 2629 borum
154 2563 244 2637 patet
267 2573 306 2616 ex
328 2553 367 2616 iis
388 2553 548 2637 quaejam
562 2552 760 2618 luculentius
776 2563 910 2616 nasuta
924 2565 1001 2616 sunt
1015 2556 1055 2618 de
1070 2555 1121 2619 his
1137 2563 1183 2640 (p.

35 2659 81 2718 348
92 2679 134 2742 sq.
152 2665 226 2722 456.
244 2666 284 2720 47
289 2665 320 2722 8.
335 2663 423 2741 488).
453 2661 570 2722 Modus
586 2657 780 2742 frequentior
795 2657 981 2736 cambricus,
997 2681 1060 2743 quo
1075 2661 1187 2726 relatio

33 2773 90 2842 post
101 2765 368 2849 praepositionem
382 2765 542 2829 indicatur
555 2764 702 2849 ponenda
718 2763 752 2826 in
768 2765 832 2826 fine
844 2763 993 2829 relativae
1004 2767 1102 2849 partis
1114 2789 1185 2832 sen·

32 2869 131 2932 lentim
154 2871 391 2956 praepositione
414 2893 488 2935 oum
509 2869 697 2955 pronomine
719 2868 836 2934 suffixo
857 2871 1018 2953 personali
1038 2872 1088 2935 vel
1111 2895 1185 2938 cum

32 2976 186 3055 paaesdvo
208 2989 287 3040 aute
308 2977 544 3041 substantivum
560 2979 607 3060 (p.
627 2981 716 3054 397),
733 2997 800 3039 non
822 2977 986 3040 invenitur
1008 2977 1181 3058 hibemice,

31 3077 80 3142 nisi
91 3093 136 3146 est
148 3083 184 3148 in
199 3085 385 3148 Gamerae:
412 3082 489 3147 each
504 3091 571 3146 rect
584 3081 655 3146 cari
668 3081 833 3146 aoerciceso
848 3083 916 3147 ami
928 3105 972 3148 no
988 3083 1094 3147 laubir
1107 3107 1183 3174 noco

31 3185 79 3262 (res
92 3189 230 3272 moeris,
250 3189 285 3252 in
300 3211 364 3273 qua
378 3211 465 3254 arnas
480 3189 598 3252 multas
614 3189 776 3252 illecebras
792 3199 824 3252 et
838 3189 1043 3272 voluptates).

320 3435 349 3491 3.
381 3429 556 3492 Verbum
579 3437 873 3491 constructum.

97 3637 127 3678 o.
153 3616 333 3699 Praecipua
354 3616 442 3679 verbi
461 3613 633 3692 hibernici,
657 3625 695 3678 ut
720 3613 911 3693 britannici,
935 3617 1111 3700 proprietas
1133 3630 1182 3682 est

27 3715 82 3800 dus
95 3723 289 3786 constructio
304 3721 535 3806 impersonalis,
550 3721 586 3784 in
601 3743 664 3804 qua
679 3721 745 3784 sola
761 3721 872 3784 tertiae
886 3741 1040 3804 personae
1055 3724 1181 3788 numeri

26 3821 179 3908 tingtrlaris
194 3828 299 3892 forma
312 3828 446 3905 obtinet,
464 3827 530 3891 sive
545 3827 752 3910 exprimenda
767 3837 815 3890 est
828 3847 964 3910 persona
979 3843 1103 3912 praeter
1118 3842 1179 3894 ter-

26 3926 89 3994 tiam
103 3933 164 3996 alia
177 3934 306 3998 numeri
321 3933 491 4018 singularis
507 3933 572 3996 sive
588 3933 683 3996 etiam
698 3933 842 4017 pluralia.
876 3935 956 3997 Eam
971 3935 1179 3998 constructio·

23 4053 85 4100 nem
99 4037 165 4121 jam
187 4041 344 4125 adoptant
364 4039 451 4104 verbi
474 4039 665 4104 substantivi
686 4039 805 4103 formae
826 4039 865 4117 is,
889 4061 938 4116 os,
962 4039 1025 4116 hid,
1044 4061 1118 4103 cum
1139 4043 1179 4105 ob

24 4143 175 4226 emphasin
199 4145 360 4209 sententia
381 4145 515 4229 simplex
531 4145 665 4208 solvitur
679 4145 714 4208 in
735 4146 895 4229 duplicem
911 4148 957 4228 (p.
977 4149 1064 4226 885),
1082 4147 1178 4230 idque

24 4265 84 4311 tum
101 4251 343 4333 pronominibus
364 4251 529 4328 absolutis,
547 4253 625 4314 dum
647 4251 718 4315 aliis
740 4251 856 4328 verbis,
874 4251 908 4314 in
924 4251 1040 4335 quibus
1055 4252 1179 4317 obtinet

24 4349 88 4418 haec
106 4357 312 4436 eonstnrctio,
330 4368 565 4422 connectuntur
584 4357 714 4422 nonnisi
735 4357 847 4421 infixa.
880 4359 919 4421 E.
936 4379 1004 4440 gn:
1030 4357 1109 4422 ἰεηιό
1126 4381 1177 4422 aa·

22 4463 117 4538 aptat
125 4464 232 4547 perinte
246 4463 303 4546 (gl.
322 4485 381 4548 ego
396 4485 467 4527 sum
481 4464 627 4548 gentium
643 4465 819 4548 apostolus)
837 4465 912 4530 Wb.
933 4461 975 4528 5⁶.
1000 4466 1087 4529 eamd
1101 4465 1176 4530 mdi-

1374 4763 1465 5012 Δ
