3004 5066
271 437 457 482 APPENDIX.
492 437 701 481 SENTENTIAE
718 437 938 481 HIBERNICAE.
1130 415 1188 478 99!

47 585 163 650 chrudiu
178 586 261 650 uam
278 587 385 650 oldo'sa
399 587 498 650 oleoso
513 585 681 670 nidictorp
696 590 804 650 amosa
819 585 894 650 Ιιόνα
909 585 1032 650 uimthu
1048 585 1144 649 lodm.
1161 589 1198 650 αι’

47 695 102 756 nod
112 693 198 756 obed
209 714 281 756 arse
297 691 430 774 dicborp
446 701 498 756 oet
511 695 566 756 aut
582 692 631 754 de.
651 693 798 776 doripem'
811 691 866 755 dia
881 713 955 774 corp
972 691 1065 756 duiut'
1074 695 1091 753 ὁ
1103 691 1195 755 ildul-

47 797 108 860 lab.
124 797 349 881 rosuidipestor
370 800 429 861 cbm
452 785 602 880 ὅίααΙιαηα
623 798 661 862 di
680 798 837 862 ildollue'd.
856 800 1014 861 oottderna
1036 795 1109 860 vect
1131 796 1198 860 tall

46 903 182 966 sumtoise
201 903 365 968 dioluiliu.
382 903 459 967 hore
479 903 595 968 ieiudin
617 904 713 986 ehorp
736 913 827 968 utaot
848 905 914 968 tad
933 901 1033 968 mailli
1050 901 1192 966 andinus.

45 1009 107 1072 dore
126 1009 201 1074 isdin
223 1011 320 1094 ehorp
343 1011 462 1074 eudred
482 1009 558 1074 caeli
578 1011 646 1073 tall
664 1011 773 1074 alaile.
796 1009 920 1093 isqulor
942 1009 992 1071 lou
1007 1009 1070 1071 uili
1083 1009 1198 1072 mubed

42 1116 122 1197 paler
135 1116 365 1180 issiodo'indull.
390 1116 469 1179 mod
480 1116 573 1180 elude
589 1115 692 1178 indoli
705 1114 897 1198 iornopalur
911 1114 1067 1178 isdidoud
1080 1114 1195 1178 donato

44 1221 144 1284 badad
164 1222 252 1286 uilio.
271 1243 334 1284 um.
343 1220 408 1304 file
429 1221 536 1285 deutid
555 1229 621 1284 oter
636 1221 745 1284 baullu
760 1221 847 1303 ooirp
863 1222 951 1284 duno
966 1219 1091 1282 couroid
1108 1221 1195 1284 dioto

44 1328 154 1390 etrunni
174 1331 248 1392 dum
266 1327 324 1410 (gl.
342 1347 455 1409 corpus
471 1349 536 1388 non
553 1338 602 1389 est
617 1347 720 1388 unum
735 1328 924 1402 membrum,
943 1327 997 1389 sed
1013 1327 1126 1390 multe.
1160 1327 1195 1390 Si

43 1433 140 1496 dixerit
159 1456 234 1516 pes:
261 1433 413 1518 quoniam
426 1453 492 1496 non
509 1454 580 1495 sum
595 1453 722 1508 manus,
740 1453 806 1494 non
821 1455 893 1496 sum
909 1433 948 1494 de
963 1453 1103 1514 corpore,
1128 1454 1194 1494 non

44 1539 100 1602 ideo
112 1562 174 1602 uon
189 1551 238 1602 est
254 1541 293 1602 de
308 1561 449 1623 corpore.
474 1539 572 1602 Nunc
588 1549 695 1601 autem
710 1538 818 1621 posuit
833 1541 910 1602 deus
926 1539 1077 1616 membra,
1092 1539 1195 1601 multa

43 1645 151 1728 quidem
165 1646 319 1720 membre,
333 1667 436 1708 unum
451 1656 559 1708 sutem
575 1666 700 1728 corpus.
729 1645 775 1706 Ut
789 1666 854 1708 nou
871 1645 913 1706 sit
928 1643 1065 1708 schisma
1081 1645 1114 1706 in
1127 1667 1193 1707 eor-

41 1773 112 1833 pore,
128 1751 267 1834 idipsum
286 1749 480 1834 proinvioem
497 1751 632 1814 sollicita
647 1761 724 1812 sunt
738 1751 890 1826 membra,
906 1761 938 1812 et
953 1747 1058 1832 siquid
1073 1749 1195 1832 patitur

42 1877 127 1920 unum
150 1857 347 1932 membrum,
376 1856 614 1939 compatiuntur
640 1856 747 1920 omnia
772 1857 925 1932 membre,
951 1854 1016 1918 sive
1041 1855 1196 1938 gloriatur

41 1985 126 2025 unum
144 1964 342 2038 membrum,
364 1963 566 2045 congaudent
588 1961 695 2026 omnia
716 1963 867 2026 membra.
900 1962 966 2025 Vos
988 1973 1096 2024 autem
1118 1961 1194 2025 estis

41 2089 136 2152 eorpus
150 2069 287 2148 Christi)
305 2070 379 2130 Wb.
401 2071 462 2130 12¹.
483 2063 546 2129 12⁵.

113 2183 159 2238 li.
192 2174 271 2238 uini
287 2175 340 2258 9ῐὸ
363 2173 405 2236 lib
428 2181 518 2236 uiuat
540 2173 690 2236 t'lelteue'le
711 2171 792 2236 be'rli
813 2171 1001 2238 e'sindt-‘utdso
1017 2173 1074 2258 (gl.
1093 2175 1195 2238 multu

39 2301 138 2361 genere
152 2281 337 2364 linguarum
353 2278 478 2342 suntin
494 2277 702 2362 boemundo)
719 2279 794 2342 Wb.
816 2274 879 2340 12⁶.

113 2393 160 2450 12.
194 2385 282 2450 Me'it
297 2383 785 2470 doniuduupurjoruuisocditb
802 2383 861 2447 issi
873 2383 949 2448 mett
962 2384 1047 2450 insin
1061 2385 1194 2452 donint-

40 2638 71 2708 (ρ.
82 2643 149 2712 ted).
169 2641 340 2710 tbrnopalur,
356 2651 417 2709 post
435 2639 558 2692 morbum
571 2655 666 2702 suum;
681 2655 786 2708 upton.
800 2655 915 2708 possess.
930 2639 1001 2708 sing.
1016 2639 1122 2705 diduod,
1138 2641 1194 2692 ded-

38 2726 93 2790 tad,
112 2726 234 2790 divinari,
253 2725 389 2789 solatium,
410 2723 541 2788 remissio,
560 2723 701 2777 valetudo:
724 2723 775 2776 bad
791 2724 892 2776 diduod
907 2724 1009 2776 deservo
1028 2725 1076 2795 (gl.
1097 2726 1193 2794 siquod

38 2809 148 2864 soletium
167 2811 301 2880 ueritatis)
316 2810 379 2862 bib.
396 2813 448 2862 23⁹.
470 2807 555 2862 uieot'r
571 2807 672 2860 ditinud
687 2807 875 2861 ᾱααιῑαίαἱααΜ
893 2815 918 2862 et
939 2809 1044 2861 trosuud
1054 2809 1197 2863 doudluebt

37 2893 92 2948 ubo
104 2896 150 2967 (gl.
164 2913 223 2950 non
240 2895 300 2950 aliis
319 2895 440 2948 remissio
460 2893 536 2948 vobis
549 2901 639 2948 eutem
652 2891 802 2963 tribulatio)
818 2893 882 2944 Wb.
901 2897 952 2946 tuo.
973 2895 1084 2964 omflle
1096 2894 1193 2958 derob'd,

37 2989 63 3032 ut
78 2990 115 3034 est
131 2983 224 3036 unitas
234 3004 240 3046 ς
249 2982 304 3051 file
323 2981 408 3032 forms
426 2979 539 3034 relativo
553 2986 616 3050 post
634 2978 704 3048 conj.
718 2977 882 3030 nominalem
895 2996 959 3041 am„
974 2978 1054 3042 amal,
1069 2983 1097 3030 et
1108 2975 1197 3030 tentia

36 3069 192 3122 seeumtivus
204 3066 293 3123 subet.
308 3069 395 3130 deute,
409 3065 493 3130 diutia,
508 3075 570 3138 post
582 3065 655 3118 verb.
670 3062 756 3116 subet.
762 3063 803 3132 fil
814 3061 852 3131 (p.
868 3064 939 3133 t‘td).
953 3069 1008 3115 etur
1021 3063 1111 3115 borello
1123 3062 1195 3132 eoirp

36 3151 106 3216 deun,
120 3153 190 3206 inter
209 3152 330 3206 membre
348 3152 467 3222 eorporis
480 3151 580 3216 nostri;
601 3151 683 3212 durtii,
698 3149 761 3212 dein,
776 3147 864 3210 uobis,
879 3165 928 3217 pro
941 3165 1062 3217 pronum.
1078 3165 1193 3218 possess.

39 3233 69 3304 (p.
82 3239 148 3308 892).
162 3235 281 3300 eunt-osb,
296 3244 328 3290 ut
339 3235 405 3300 reid,
420 3255 476 3306 rop,
491 3255 577 3306 eorop,
593 3235 637 3300 sit,
652 3243 710 3288 esto
726 3233 762 3302 (p.
777 3237 837 3284 4⁶35.
852 3233 924 3302 dei).

96 3328 134 3376 Η.
157 3321 281 3376 “Annon
300 3323 439 3392 cognitum
457 3321 542 3386 vobis,
557 3321 630 3392 quod
649 3325 714 3372 suut
730 3318 816 3371 multa
835 3335 934 3388 genere
954 3318 1085 3370 sermonis
1102 3318 1131 3370 in
1144 3317 1195 3371 hoc

36 3407 165 3462 mundo?”
190 3407 263 3472 ceni,
277 3407 346 3472 euni,
361 3407 513 3477 quidboni
528 3407 637 3460 aunon?
651 3405 688 3476 (p.
703 3405 774 3474 tue).
787 3405 838 3473 ple',
852 3406 926 3473 pide.-
939 3404 1019 3473 isqle'e
1031 3402 1066 3456 ot
1081 3403 1129 3474 (gl.
1145 3403 1195 3456 sei-

36 3489 65 3544 tis
79 3495 158 3565 enim)
172 3493 240 3548 Wb.
259 3497 310 3547 12¹.
331 3492 398 3562 eote
415 3493 491 3546 drusa
503 3492 605 3546 rombs'u
619 3491 699 3544 budid
712 3489 759 3562 (gl.
774 3507 828 3542 uon
841 3489 869 3542 iu
882 3490 1015 3544 incertum
1027 3505 1120 3553 eurro;
1135 3489 1154 3541 i.
1169 3507 1193 3542 e.

35 3583 70 3628 eu
80 3579 143 3632 mihi
156 3595 326 3650 persuasum,
342 3578 414 3648 quod
427 3580 478 3632 erit
489 3577 557 3632 mihi
570 3577 690 3646 victoria)
706 3577 742 3630 W
746 3577 771 3628 b.
789 3579 840 3628 11¹.
860 3575 952 3644 otuu'pi
959 3575 1025 3644 qlcde
1037 3579 1063 3627 et
1075 3575 1194 3645 ut'pt‘sir-

33 3659 88 3716 dart
97 3664 273 3718 umdebitder
286 3663 418 3718 tmtdorrtel
426 3663 474 3736 (gl.
488 3662 609 3716 videmus
622 3679 694 3714 nune
707 3679 755 3731 per·
767 3661 906 3730 speculum
918 3659 945 3713 in
959 3660 1126 3730 aenigmate,
1138 3661 1156 3713 i.
1169 3678 1193 3714 e.

34 3763 87 3800 usur
105 3767 159 3802 non
178 3756 222 3802 est
238 3743 340 3802 clarum
358 3756 386 3802 et
401 3749 510 3802 omuino
524 3733 636 3810 ee'rtum,
652 3747 725 3816 quod
738 3746 845 3798 ridetur
857 3746 884 3798 in
898 3745 1072 3815 obscuritate)
1090 3749 1141 3798 120.
1163 3745 1195 3798 it-

33 3831 134 3899 etate,
149 3835 238 3888 multe
257 3853 371 3906 generem
390 3835 476 3890 subet.
496 3831 568 3886 eene'i
584 3839 612 3884 et
630 3833 714 3885 cendio
734 3832 771 3902 (p.
787 3830 858 3900 tm).
874 3829 948 3894 terti,
970 3831 1110 3892 sermonis,
1131 3848 1193 3898 gen.

32 3932 78 3984 'go
91 3919 217 3988 quemvis
231 3920 259 3976 in
278 3921 371 3974 multis
384 3921 450 3976 loeis
463 3921 491 3973 in
504 3918 567 3974 Wb.
583 3915 693 3970 obvium
707 3917 742 3970 sit
754 3917 831 3980 estre,
845 3915 948 3984 lingue,
963 3933 1018 3968 non
1031 3923 1135 3968 mutere
1147 3932 1194 3967 su·

32 4000 76 4056 tim
87 4003 115 4058 iu
128 4004 206 4068 tetn',
221 4023 283 4060 cum
296 4014 324 4060 et
335 4005 416 4060 bodie
429 4023 493 4058 voce
505 4002 609 4074 goeliee
621 4001 720 4065 beurlu,
735 4001 809 4066 iem„
823 4001 990 4070 significetur
1001 3999 1104 4070 lingue,
1119 4017 1195 4069 prse-

31 4089 115 4142 sertim
127 4089 248 4160 suglieu.

96 4179 136 4230 12.
159 4173 322 4234 “Quantum
340 4175 469 4230 tribuitur
481 4175 559 4230 nobis
572 4173 763 4238 tribulationis,
778 4171 938 4224 tantundem
951 4169 1081 4223 tribuitur
1093 4169 1193 4223 solatii.

30 4257 86 4312 Nou
100 4261 157 4314 det.
172 4261 241 4314 deus
260 4259 338 4314 uobis
357 4279 422 4330 ergo
441 4260 653 4324 tribulationem,
668 4276 748 4330 quem
768 4275 823 4310 nou
840 4256 1037 4320 sustineamus,
1058 4255 1081 4308 si
1094 4263 1135 4308 est
1147 4255 1195 4308 tri-

30 4341 127 4398 bulatio
140 4345 223 4398 nobis
236 4345 383 4408 tolerando,
398 4347 451 4400 fert
462 4347 589 4402 solatium
602 4363 650 4416 pro
663 4363 704 4398 eo.
726 4342 877 4397 Toleruudo
889 4341 1027 4410 passiones
1040 4341 1092 4394 erit
1103 4340 1193 4404 sulus,

29 4429 123 4486 seimus
140 4431 219 4501 quod
236 4441 278 4484 est
295 4431 370 4486 firme
387 4431 454 4486 fides
473 4439 561 4486 vestm
579 4432 606 4484 in
625 4424 822 4501 passionibus.''
847 4427 920 4480 Meu
932 4457 964 4466 —
977 4427 1053 4490 eredit,
1077 4433 1193 4488 tautum,

29 4525 155 4583 quantum
165 4517 206 4588 (p.
214 4518 290 4587 utt);
304 4517 353 4570 itu
363 4517 426 4572 niet
436 4517 505 4570 insin
514 4517 558 4572 hie
567 4517 594 4570 in
604 4515 723 4570 seeundo
732 4514 793 4568 loeo
801 4513 970 4577 tantundem,
980 4512 1087 4584 proprie
1096 4530 1128 4566 eu
1137 4512 1195 4582 ipss
