2994 5052
1486 89 1488 188 1

263 325 325 386 696
511 325 571 390 IV.
592 333 621 388 3.
654 345 921 391 couruscrmnss
938 346 1178 390 nurusunrcss.
1483 294 1488 382 1

263 517 284 578 y
307 493 428 579 kenych
449 494 490 577 ef
506 517 546 557 aa
565 517 587 580 y
606 496 695 580 nycol
712 495 843 579 ymeitb.
865 543 872 558 .
894 543 901 558 .
920 517 958 558 ac
979 518 1020 581 yr
1034 517 1137 580 awry
1153 496 1244 558 rodes
1260 495 1373 579 unllef
1381 517 1429 559 ar·

265 623 347 662 nuw.
372 601 419 683 yd
437 599 509 662 aeth
529 623 551 684 y
571 601 659 685 nywl
676 601 796 686 ymeith
817 603 870 682 (ab
891 601 979 677 hora,
998 623 1061 684 qua
1082 599 1233 663 cecineris
1253 623 1300 676 cu,
1320 623 1427 678 cornu,
1488 639 1489 672 ;

265 705 365 767 abibit
386 703 520 778 nebula3
547 715 579 768 et
601 727 640 768 ex
662 729 725 788 quo
747 706 834 768 dedit
854 727 956 768 unum
977 705 1119 768 sonitum
1140 725 1188 782 eo,
1207 706 1285 769 ubiit
1299 707 1430 789 nebula)

265 811 354 872 Mab.
374 815 403 886 2,
424 816 475 871 65.
496 815 547 873 66.
580 811 630 875 cf.
649 825 681 875 et
694 833 769 874 mox
785 833 920 894 sequens
929 820 1019 895 pryt.

351 914 473 977 Positio
495 917 639 980 absoluta
661 917 833 993 cambuca,
858 914 1213 998 velutiprimitivurum
1236 917 1431 1000 conjunctis»

264 1042 344 1082 num
359 1041 387 1082 e.
405 1042 453 1102 gr.
464 1021 533 1103 pei,
553 1045 611 1085 can
628 1023 681 1104 (cs.
699 1043 732 1105 p.
751 1025 844 1104 424),
862 1041 927 1083 non
947 1019 1054 1082 minus
1074 1021 1222 1104 frequens
1245 1033 1310 1098 est,
1336 1043 1432 1105 quum

265 1125 390 1189 cornica
411 1127 462 1189 vel
484 1127 653 1190 annorica:
672 1148 743 1208 pan
761 1125 908 1211 qet'ssyclt
931 1125 967 1188 di
985 1125 1062 1210 6ῃαί
1082 1127 1149 1189 ker's
1158 1127 1258 1208 parib
1280 1149 1321 1190 ar
1342 1127 1433 1190 india

265 1234 405 1316 (quando
419 1241 453 1294 tu
465 1251 595 1315 quaeres
606 1251 668 1306 me,
684 1253 798 1314 quaere
810 1251 918 1294 versus
931 1231 1072 1313 Indiam)
1085 1233 1173 1294 Mab.
1191 1239 1220 1309 1,
1236 1237 1309 1294 273.
1324 1231 1432 1313 ephan

265 1339 413 1402 desidum
434 1361 508 1423 yno.
526 1335 656 1420 hoffizch
677 1339 737 1398 oed
752 1337 883 1421 qennyf
896 1339 942 1418 (et
962 1355 1035 1398 curn
1056 1337 1197 1400 venirem
1219 1337 1307 1412 illuc,
1332 1335 1431 1418 magis

263 1443 385 1527 placuit.
398 1443 492 1524 mihi)
509 1443 597 1504 Mab.
615 1448 644 1518 1,
661 1449 690 1503 6.
723 1443 876 1526 Ejusdem
891 1461 969 1504 usus
984 1442 1121 1504 absoluti
1133 1465 1192 1506 nec
1207 1464 1271 1506 non
1287 1453 1321 1504 ct
1336 1442 1432 1524 signi-

263 1549 420 1612 ficationis
443 1548 585 1631 ejusdem
605 1545 734 1609 invenio
754 1549 855 1610 subst.
881 1547 922 1609 lle
938 1546 1070 1630 (locus):
1097 1571 1149 1612 am
1170 1547 1284 1632 ueneyr'
1304 1546 1433 1630 obonufi

263 1653 326 1737 yttr‘
340 1655 381 1737 dy
398 1654 452 1716 les.
472 1653 514 1715 lle
528 1675 586 1736 bys
602 1661 720 1716 metrut
734 1655 775 1737 dy
791 1651 857 1715 leun
870 1655 1011 1735 (propter
1022 1664 1264 1722 monstraturus
1274 1675 1327 1716 me
1341 1663 1431 1715 tuum

264 1759 476 1833 commodum,
495 1779 566 1819 curn
583 1767 619 1819 tu
634 1758 703 1841 ipss
717 1757 752 1821 id
766 1779 832 1821 non
847 1757 1015 1840 cogitares)
1031 1759 1118 1821 Mab.
1141 1765 1168 1835 1,
1191 1765 1239 1822 19.

350 1863 523 1947 Oppositas
539 1874 614 1925 sunt
629 1863 772 1926 formulis
787 1863 951 1927 cumbricis
966 1885 1002 1926 or
1013 1885 1091 1946 pun,
1105 1886 1146 1948 qr
1152 1887 1234 1947 pan,
1249 1864 1431 1948 significuu-
1490 1923 1491 1942 q

265 1969 350 2032 tibus
367 1968 548 2044 terminum,
564 1991 658 2051 aquo
674 1967 836 2052 incipitur,
854 1968 1008 2032 formulae
1024 1969 1081 2054 hys
1088 1991 1169 2052 pan,
1188 1970 1278 2033 behet
1285 1992 1369 2054 pan,
1385 1970 1433 2032 bet
1490 2017 1491 2022 1

257 2097 338 2157 pan,
354 2074 569 2156 significantes
585 2073 768 2150 terminum,
788 2075 833 2136 ad
845 2095 936 2158 quem
951 2075 1079 2138 ducitur
1093 2075 1226 2158 aliquid,
1241 2097 1307 2137 non
1323 2073 1430 2136 miuus

262 2180 454 2261 frequentes
474 2201 502 2242 e.
520 2203 567 2263 gr.
586 2180 620 2242 in
635 2179 898 2264 descriptionibus
913 2181 1027 2244 finium
1042 2180 1116 2242 libri
1132 2181 1292 2243 Landav.:
1317 2187 1430 2263 nante

264 2279 459 2368 bard'm'lryt
480 2307 521 2370 yr
540 2286 666 2369 quadret
687 2285 745 2370 hyr
758 2309 829 2368 pun
851 2287 992 2371 dyseynn
1013 2287 1149 2370 yndour.
1168 2287 1250 2348 doru·
1269 2307 1312 2370 ny
1337 2285 1430 2369 hyr)

260 2390 388 2473 quadret
401 2389 458 2473 Ityt
466 2411 536 2472 pun
553 2391 685 2474 dr'ccynn
700 2413 721 2474 y
734 2411 889 2475 quormuy
902 2391 1007 2472 (vallis
1022 2391 1112 2454 bardi
1126 2413 1182 2475 per
1195 2391 1432 2474 longitudinem
1490 2399 1491 2412 ¹

270 2497 417 2557 deorsum
446 2495 544 2558 donec
567 2495 731 2558 descendit
753 2496 787 2557 in
806 2497 869 2572 Ι).,
896 2497 1071 2558 secundum
1092 2496 1134 2558 D.
1160 2497 1307 2558 deorsum
1330 2497 1430 2558 donec

263 2600 427 2662 descendit
441 2600 475 2661 in
487 2601 558 2682 G.),
575 2608 700 2684 turutyr
714 2622 756 2685 ny
772 2601 830 2684 Ityt
842 2625 863 2685 y
876 2601 1005 2684 quadret
1017 2600 1075 2684 hyr
1083 2623 1152 2683 pan
1167 2601 1302 2686 discynn
1316 2623 1338 2685 y
1352 2623 1428 2684 φηγ.
1490 2625 1492 2676 ]

262 2727 323 2790 urcy
339 2705 440 2790 nyhyt
450 2705 572 2786 hitpan
584 2705 717 2789 ds'seynn
729 2729 772 2790 yn
784 2705 901 2790 leufren
914 2707 1104 2786 (secundum
1116 2708 1155 2768 T.
1170 2708 1317 2769 deorsum
1330 2707 1429 2768 donec
1491 2697 1492 2764 ἶ

262 2810 347 2874 cadit
368 2810 401 2872 in
418 2812 475 2887 G„
492 2812 669 2874 secundum
684 2812 727 2874 G.
745 2812 845 2873 donec
866 2811 951 2874 cadit
970 2809 1004 2874 in
1021 2811 1202 2893 Sabrinam)
1220 2818 1292 2873 127.
1315 2833 1356 2874 ur
1377 2811 1431 2894 hyr
1491 2873 1492 2876 ,

267 2916 298 2978 ir
328 2915 425 2979 claud
452 2917 501 2978 bet
519 2937 589 2997 pan
617 2918 759 3000 dyseynn
785 2939 828 3000 yn
857 2916 944 3000 lyfm'
967 2918 1158 2997 (secrurdum
1187 2917 1304 2980 fossam
1332 2917 1429 2980 donec

263 3021 427 3085 descendit
448 3022 481 3084 in
503 3023 558 3104 L.)
578 3027 649 3084 138.
674 3043 714 3083 ar
735 3021 797 3084 thir
818 3022 868 3085 bet
881 3043 975 3103 pann
997 3021 1122 3085 ds'scinn
1143 3022 1177 3085 in
1200 3022 1289 3085 lecha
1305 3025 1428 3104 (secun-

263 3127 340 3189 dum
355 3147 436 3204 eam,
454 3127 580 3203 vallem,
599 3127 698 3189 donce
714 3127 877 3190 descendit
892 3127 925 3189 in
942 3127 998 3208 L.)
1014 3133 1087 3204 231,
1102 3138 1134 3190 et
1149 3127 1182 3190 in
1198 3125 1346 3211 pluribus
1361 3125 1428 3188 aliis

262 3231 350 3294 locis.
383 3233 411 3294 E
427 3233 536 3294 Mabz
556 3233 704 3316 dyrnuwt
724 3233 837 3295 erodes
851 3255 871 3317 y
887 3231 1100 3316 muredawey
1116 3231 1283 3295 wolchmar·
1296 3231 1427 3316 hytpan

264 3345 344 3400 troes
365 3359 405 3422 Ψ
426 3337 532 3422 helym
552 3361 573 3422 y
595 3359 672 3422 ary
693 3339 801 3422 wyneb
817 3339 958 3422 (plagam
976 3337 1065 3400 dedit
1080 3359 1176 3420 eques
1191 3337 1226 3399 in
1242 3339 1297 3400 W.
1302 3385 1311 3414 ‚
1331 3339 1427 3399 donec

263 3441 387 3518 cecidit,
412 3454 449 3505 ut
470 3445 594 3506 caderet
615 3443 711 3505 cassis
734 3465 753 3505 u
775 3443 867 3524 facie)
886 3449 914 3519 1,
935 3449 986 3505 25.
1012 3441 1123 3505 bothert
1145 3451 1310 3526 aqatwant
1329 3462 1427 3525 queres

261 3549 396 3632 yndunt.
415 3597 421 3611 .
439 3597 446 3611 .
465 3549 522 3636 hyr
531 3569 599 3630 pan
616 3549 703 3611 deler
715 3569 756 3631 ys·
768 3546 932 3631 yorllewin
949 3547 1095 3630 (lagenae
1110 3550 1282 3612 servabunt
1297 3549 1428 3612 calorem

216 3691 219 3698 .
262 3653 297 3714 in
313 3675 356 3729 se,
375 3655 474 3716 donec
490 3653 634 3717 venietur
649 3653 683 3716 in
699 3653 909 3734 occidentem)
927 3635 957 3730 2,
977 3655 1050 3716 225.

348 3759 495 3822 Occurrit
514 3759 674 3842 praeterea
696 3759 851 3822 cambrica
872 3759 973 3821 forma
986 3779 1120 3850 punyw,
1138 3759 1313 3843 composita
1333 3771 1369 3822 ut
1383 3758 1427 3820 vi·

263 3865 355 3927 detur
377 3887 394 3926 e
415 3863 639 3948 conjunctione
660 3876 693 3928 et
714 3866 809 3928 verbo
824 3859 1034 3941 substantivo,
1053 3865 1237 3949 significuus
1252 3866 1309 3929 lat.
1327 3865 1426 3950 quod:

262 3971 508 4054 ydywedassunt
526 3979 649 4056 wynteu
663 3993 784 4058 punyw
800 3969 938 4033 meredet
951 3969 1040 4033 ies'rll
1052 3973 1166 4055 oedynt
1181 3971 1345 4054 (dixerunt
1358 3991 1424 4046 eae,

263 4077 347 4158 quod
370 4075 454 4138 filiae
476 4075 599 4140 comitis
615 4063 733 4157 essent)
751 4077 838 4138 Mab.
860 4083 889 4152 1,
910 4081 960 4138 36.
985 4099 1057 4160 acy
1074 4077 1210 4162 dywuwt
1222 4100 1244 4162 y
1257 4097 1326 4161 ywr
1341 4076 1429 4160 lluyt

255 4204 376 4266 panyw
391 4183 535 4264 peredur
555 4205 592 4246 ue
610 4181 798 4266 yos-unaue·
816 4185 862 4264 (et
884 4182 966 4246 dixit
989 4182 1037 4246 vir
1060 4182 1179 4260 fuscus,
1199 4185 1284 4268 quod
1300 4183 1336 4246 P.
1353 4201 1427 4244 eum

262 4287 402 4369 vicisset)
422 4296 449 4362 1,
470 4293 542 4350 266.

347 4393 481 4455 Cornica
497 4394 657 4476 exempla:
677 4393 780 4457 denna
788 4415 859 4475 pan
871 4395 990 4479 ylesuus
1006 4417 1027 4456 a
1042 4395 1190 4480 traderes
1203 4393 1276 4476 (hoc
1288 4413 1356 4456 curn
1367 4413 1426 4454 au-
