3004 5066
245 333 429 380 aerenum.
462 335 770 379 seno1nnncoorcrs
787 335 965 380 irroramur
981 335 1040 379 un.
1148 318 1223 379 1071

74 505 151 572 gent,
167 489 220 551 sed
240 485 372 562 addidit,
392 486 427 548 in
445 485 578 568 judicio,
596 486 656 549 hoc
672 495 731 562 est,
748 507 815 548 non
830 497 998 569 resurgent
1012 487 1051 549 ad
1067 487 1228 550 examina-

77 589 209 670 ῑιοιιιιιιι,3
230 595 285 656 sed
306 603 483 676 resurgent,
507 603 545 654 nt
567 592 676 654 statim
698 591 890 654 sententiam
912 591 1126 655 damnationis
1147 593 1229 656 exci-

75 697 181 782 piant⁴
212 700 254 762 Et
276 720 317 760 ne
337 697 418 760 forte
441 720 482 760 ex
504 697 666 760 communi
687 695 925 760 resurrectionis
942 697 1072 761 nomine
1090 719 1230 762 commu-

76 825 139 866 nem
164 801 388 868 aestimantes¹⁵
413 803 509 866 etiam
532 803 754 886 expulsionem
773 803 914 866 futuram
938 825 1006 866 esse
1029 815 1228 882 cunctorum,

74 910 201 973 ostendit
218 910 369 992 quoniam
385 910 419 972 in
435 911 546 973 eodem
561 921 722 972 momento
737 909 976 972 resurrectionis
992 931 1109 993 magna
1124 911 1232 975 futura

74 1015 110 1078 sit
129 1015 301 1092 diversitas,
327 1027 363 1079 nt
385 1017 468 1079 alitis
488 1038 545 1099 per
568 1016 656 1078 illam
679 1018 718 1078 ad
742 1016 894 1078 honorem
915 1015 1124 1099 perducatur,
1150 1019 1231 1081 alius

74 1122 207 1184 mittatur
233 1121 268 1184 in
293 1145 440 1206 poenam.
482 1121 552 1184 Erit
578 1144 653 1205 ergo
672 1121 809 1206 pretiosa
829 1121 900 1188 aliis
923 1133 954 1183 et
976 1123 1229 1201 remunerabilis,

73 1227 134 1290 aliis
154 1228 258 1312 gravis
279 1239 374 1310 atque
397 1227 556 1290 terribilis.
590 1230 678 1291 Bene
701 1249 775 1311 ergo
793 1229 877 1292 inter
892 1229 1028 1311 impium
1043 1242 1075 1292 et
1089 1245 1232 1313 peccato-

73 1355 131 1396 rem
145 1334 217 1396 iecit
231 1333 455 1408 differentiam,
471 1345 503 1396 et
514 1333 628 1417 impios
641 1335 770 1417 quidem
781 1335 827 1398 ait
838 1335 872 1398 in
881 1335 1040 1418 judicium
1052 1356 1118 1397 non
1129 1357 1232 1398 resur-

73 1461 146 1522 gere,
165 1440 197 1502 id
218 1452 279 1516 est,
297 1450 334 1502 nt
354 1439 501 1522 superius
524 1440 676 1517 diximus,
694 1464 759 1504 non
775 1443 809 1503 in
825 1440 1094 1504 examinationem
1109 1441 1227 1516 venire,

72 1555 240 1626 peccatores
257 1557 365 1608 autem
379 1545 414 1607 in
430 1545 564 1608 concilio
575 1547 747 1629 justorum,
763 1548 822 1610 hoc
838 1559 897 1622 est,
912 1557 949 1608 ut
964 1547 1056 1608 nulla
1066 1546 1131 1608 illis
1144 1547 1184 1608 sit
1197 1547 1231 1610 in

69 1649 220 1733 justorum
235 1647 512 1715 remuneratione⁰
527 1653 720 1715 communio.
750 1654 931 1715 Tradentur
947 1673 1021 1732 ergo
1037 1663 1069 1714 et
1083 1652 1144 1734 ipsi
1159 1675 1233 1737 sup-

72 1757 181 1840 pliciis;
196 1779 274 1820 nam
286 1757 341 1840 qui
353 1779 410 1841 per
420 1767 548 1840 peecata
561 1758 776 1820 excluduntur
787 1779 806 1820 a
817 1757 977 1840 praemiis,
992 1779 1029 1820 ea
1041 1757 1109 1820 sine
1122 1759 1231 1835 dubio,

72 1885 144 1944 quae
159 1873 236 1927 sunt
251 1862 399 1946 praemiis
411 1862 545 1941 diversa,
560 1863 733 1947 patientur.
760 1863 801 1925 In
814 1862 873 1925 hoc
885 1885 959 1947 ergo
971 1863 1031 1926 erit
1043 1863 1231 1942 differentia,

73 1980 104 2032 ut
117 1969 205 2052 impii
221 1969 351 2053 quidem
366 1981 534 2052 resurgant
548 1991 614 2032 non
626 1967 847 2045 discutiendi,⁷
863 1972 918 2033 sed
930 1969 1038 2032 statim
1050 1969 1126 2033 locis
1138 1969 1235 2032 tristi·

71 2076 124 2138 bus
146 2074 333 2159 deputandi,
350 2087 529 2158 peccatores
552 2097 637 2152 vero,
656 2087 694 2138 ut
710 2075 804 2138 nulla
811 2075 909 2159 justis
924 2075 1149 2140 communione
1160 2075 1235 2158 jun·

71 2191 191 2262 gantur.
224 2182 299 2243 Hoc
321 2193 429 2244 autem
450 2181 706 2244 manifestissime
721 2204 761 2244 ex
776 2182 827 2245 his
842 2203 923 2265 quae
939 2192 1117 2264 sequuntur
1131 2192 1235 2245 osten-

71 2285 169 2348 ditur:
194 2285 348 2369 quoniam
368 2287 459 2350 novit
480 2287 639 2350 dominus
652 2287 736 2350 viam
752 2287 926 2371 justorum,
942 2287 982 2350 id
1002 2297 1061 2364 est,
1085 2288 1236 2370 placitam

71 2392 125 2456 sibi
140 2405 172 2456 et
187 2403 351 2476 acceptam
366 2413 434 2456 esse
446 2391 710 2456 remunerationis
724 2393 905 2456 testimonio
917 2393 1115 2476 perdocebit:
1134 2405 1166 2456 et
1177 2393 1237 2456 iter

72 2497 238 2582 impiorum
253 2493 398 2581 peribit.8
421 2499 497 2562 Ideo
512 2499 610 2582 igitur
625 2521 691 2562 non
705 2510 877 2583 resurgunt
889 2498 990 2582 impii,
1007 2499 1082 2581 quia
1093 2497 1237 2561 omnium

71 2603 133 2667 riae
153 2605 294 2688 perfecta
312 2603 364 2666 dei
380 2605 494 2668 notitia
509 2605 725 2682 continentur,
745 2617 840 2688 atque
855 2607 894 2669 ab
910 2606 970 2669 hoc
986 2604 1055 2667 sine
1070 2604 1137 2665 ulla
1152 2604 1235 2666 dela-

72 2708 151 2773 tione
166 2709 431 2774 resurrectionem
447 2733 555 2787 eorum
571 2711 710 2774 conditio
725 2721 758 2774 et
773 2733 839 2774 sors
855 2713 953 2794 digua
968 2709 1130 2792 suscipiet.

212 3053 262 3114 G.
318 3052 562 3134 Specimen
602 3054 866 3136 glossarum
907 3052 1087 3114 codicis

451 3159 861 3244 Carlisruhensist

146 3344 282 3406 Bedae
303 3344 439 3428 capita
461 3347 656 3427 quaedam
678 3344 940 3410 luculentius
962 3315 1159 3428 glossata.

153 3531 206 3594 De
228 3541 343 3592 natura
366 3551 472 3592 return
493 3551 562 3614 cap.
581 3532 622 3595 V.
655 3533 705 3594 De
719 3533 930 3595 firmamento.
964 3533 1098 3596 Coelum
1114 3535 1240 3598 subtilis

70 3635 246 3719 igneaeque
267 3647 400 3700 naturae
420 3637 657 3719 rotundumque
678 3649 709 3699 et
732 3661 750 3701 a
765 3651 874 3702 centro
890 3649 990 3702 terrae
1006 3639 1114 3721 aequis
1130 3641 1240 3722 spatiis

70 3742 215 3824 undique
230 3741 410 3820 collectum,
425 3744 511 3805 unde
526 3753 575 3806 est
590 3755 622 3806 et
637 3765 815 3808 convexum
831 3745 1034 3826 mediumque
1050 3767 1240 3827 quacunque

70 3857 232 3910 cernatur.
272 3847 502 3912 Inenarrabili¹
532 3849 692 3913 celeritate
711 3851 860 3934 quotidie
889 3851 1062 3933 circumagi
1083 3849 1240 3934 sapientes

70 3952 186 4016 mundi
207 3953 369 4032 dixerunt,
388 3955 434 4021 ita
453 3965 492 4017 ut
512 3965 629 4032 rueret,
648 3957 675 4019 si
690 3979 756 4020 non
772 3957 971 4039 planetarum
987 3977 1120 4018 occursu
1135 3957 1241 4018 mode-

142 4173 277 4226 3domes
328 4174 510 4241 teoaqsenmt
561 4175 745 4245 5(inmarg.)
760 4173 1144 4226 nadaetmoiandumenmarni
1157 4191 1184 4226 .1.
1199 4193 1242 4226 ar-

71 4255 292 4311 auwmaumarni
330 4257 676 4328 thitiadnaeulfoetraice
718 4258 971 4310 'darumbetetailsi
1005 4261 1067 4312 aa.
1083 4261 1165 4312 liuore
1178 4261 1242 4312 aad·

70 4345 153 4398 redde
165 4342 400 4411 iatadeyntmeit
413 4344 454 4396 lau
594 4399 602 4418 U

144 4429 200 4498 (Or.
217 4429 273 4498 18¹2)
313 4433 322 4480 l
344 4429 380 4480 iet
390 4429 471 4482 addae
485 4427 522 4498 (in
537 4429 597 4482 cod.
612 4429 753 4483 inerrabili
763 4429 904 4499 aeratae)
