2978 5054
286 397 349 459 944
499 395 561 460 VI.
580 398 611 456 2.
644 411 868 458 cousraucrro
883 411 1022 456 ronrros
1039 413 1237 458 umanurcs.

284 565 419 630 metium
440 563 501 628 hoc
517 563 551 628 S.
570 561 710 628 Patricio
732 562 939 646 adscriptum,
958 565 1043 648 quod
1058 586 1075 628 e
1090 564 1198 628 codice
1212 564 1337 648 proprio
1349 586 1432 648 quon·

284 675 359 736 dam
382 669 521 734 Mariani
541 669 628 734 Scoti
652 667 747 750 (obiit
767 692 796 732 a.
818 673 914 751 1088)
937 691 1025 732 nunc
1046 669 1258 734 bibliothecae
1280 672 1432 735 Vetimnae

285 780 320 842 in
342 777 520 842 imitatione
541 775 715 860 scripturae
735 775 851 840 codicis
873 774 973 858 ipsine
994 775 1112 860 legitur
1130 799 1181 861 ap.
1200 779 1305 841 Pertz.
1322 778 1355 840 in
1368 789 1430 840 tom.

285 886 354 948 VII
370 895 402 946 et
418 882 527 947 tabule
541 881 649 946 addita
663 881 704 944 ed
718 902 751 964 p.
771 886 828 942 481
843 902 850 944 :

413 1008 445 1064 ol
452 1011 561 1081 pdtroec

327 1110 358 1168 A
377 1104 381 1190 Ι
403 1108 491 1184 triyie
505 1105 720 1165 andedclrolleclr
737 1101 747 1188 ΙΙ
764 1127 782 1164 a
801 1101 806 1188 Ι
827 1105 891 1164 brdo
907 1106 952 1164 dir
966 1106 1131 1166 donodeseb

329 1211 421 1269 tricia
440 1207 445 1289 Ι
466 1209 581 1268 iliadem
594 1207 778 1283 qmctredem
795 1201 805 1289 ΙΙ
829 1203 834 1289 Ι
853 1208 1077 1267 benneclerum
1091 1211 1236 1270 donasse.

329 1310 334 1394 Ι
351 1313 487 1372 Bermaclt
502 1316 586 1368 hmo
602 1309 632 1366 in
648 1309 765 1366 cecidit.
786 1304 796 1391 ΙΙ
822 1310 826 1392 Ι
844 1295 969 1368 ommi
984 1311 1050 1368 altu
1065 1332 1092 1368 ee
1107 1313 1257 1370 cmmchtu.

328 1412 334 1498 Ι
352 1415 476 1476 cenaret
494 1411 593 1490 lopniu
608 1411 638 1468 in
655 1412 779 1468 cechtan.
800 1407 811 1494 ΙΙ
828 1433 894 1470 acus
913 1410 918 1494 Ι
939 1413 1000 1470 titt
1018 1409 1024 1492 Ι
1045 1412 1168 1472 bmnach
1176 1417 1244 1490 Jiru
1258 1413 1404 1474 etcertum.⁸

283 1696 415 1762 regnante
434 1689 462 1742 in
480 1685 603 1740 Temoris
620 1703 735 1756 regnum
755 1685 904 1742 Hiberniae
917 1687 1120 1762 Murchiartcch
1140 1707 1200 1742 mac
1216 1689 1282 1754 Ere,
1302 1685 1434 1742 felicissime

285 1773 379 1830 obiit.”

353 1859 510 1914 Produntur
522 1859 603 1911 etiam
616 1875 708 1913 versus
720 1859 849 1930 adscripti
862 1859 890 1914 S.
905 1860 1023 1914 Patricio
1035 1860 1064 1912 in
1075 1859 1140 1913 viu
1152 1860 1180 1914 S.
1194 1859 1311 1915 Declani
1323 1879 1365 1932 ep.
1378 1857 1435 1912 Boii.

283 1945 340 2002 Jul.
355 1951 380 2010 5,
396 1947 462 1998 602:
485 1941 622 1998 “Sanctus
640 1945 774 1998 Patricius
791 1945 990 2015 archipontifex
1009 1951 1037 1998 et
1053 1951 1183 2016 patronus
1204 1946 1289 2000 totius
1307 1944 1437 2000 Hiberniae

286 2049 394 2088 versum
411 2037 569 2100 sequentem
587 2030 687 2084 scotica
698 2029 794 2100 lingua
805 2029 883 2099 quasi
895 2029 1032 2100 quoddam
1044 2029 1183 2084 oraculum
1195 2030 1318 2101 rigorem
1330 2031 1393 2102 legis
1401 2030 1439 2082 he

284 2118 352 2172 bens
364 2117 403 2170 eis
415 2115 542 2170 cantavit.
564 2115 653 2176 Quem
665 2133 772 2170 versum
784 2113 886 2167 familia
897 2114 984 2168 sancti
995 2114 1075 2168 Albei
1088 2123 1116 2168 et
1128 2115 1230 2168 familia
1241 2117 1329 2169 sancti
1341 2115 1440 2170 Decimi

284 2202 432 2256 noluerunt
443 2218 492 2272 pro
501 2219 530 2254 se
541 2201 585 2254 vel
593 2201 744 2272 rhythmice
752 2218 800 2254 seu
809 2199 919 2252 metrice
928 2199 956 2254 in
964 2199 1093 2254 Latinum
1102 2200 1181 2254 verti.
1199 2201 1239 2254 Et
1245 2202 1355 2272 majoris
1362 2209 1440 2254 auno

284 2288 372 2342 ritatis
390 2287 415 2340 ei
433 2285 618 2340 conciliandae
636 2285 820 2356 gratiniium
839 2285 947 2356 proprio
967 2292 995 2338 et
1012 2285 1141 2355 genuino,
1156 2303 1210 2356 quo
1222 2287 1441 2358 pronuntiatores

285 2372 449 2444 compositus
466 2380 508 2424 est
526 2389 542 2424 a
560 2377 654 2424 sancto
666 2369 793 2435 Patricio,
808 2369 936 2423 idiomate
953 2387 1002 2440 pro
1021 2369 1154 2440 dignitate
1173 2371 1342 2442 proferemus
1359 2371 1385 2426 in
1396 2387 1440 2425 ne·

285 2458 370 2512 dium.
395 2457 439 2512 lta
451 2457 536 2528 igitur
547 2457 646 2510 scotice
658 2457 769 2528 ponitur
781 2455 826 2509 ille
839 2473 946 2510 versusz

449 2559 547 2614 silete
558 2559 651 2612 embol
661 2557 782 2628 Pedruip
794 2557 945 2612 Muomltoc
956 2576 999 2612 mo
1008 2559 1143 2627 ynete-uti

449 2645 554 2698 Deeloa
566 2643 687 2714 Padraiq
698 2662 735 2697 m
747 2641 843 2708 nDses’,
857 2661 894 2696 ns
905 2641 975 2696 Deci
984 2661 1019 2712 aq
1031 2643 1137 2698 Declan
1147 2662 1182 2714 po
1195 2645 1287 2700 breti.

284 2749 318 2802 ln
337 2764 391 2818 quo
409 2747 547 2802 decretum
565 2753 615 2812 est,
635 2753 667 2800 ut
684 2746 788 2800 Albaue
806 2745 941 2799 secundus
960 2745 1092 2800 Patricius
1110 2753 1139 2800 et
1150 2747 1308 2802 Momonise
1325 2755 1443 2820 patrm

285 2841 364 2898 esset,
380 2841 408 2887 et
424 2833 562 2887 Decianus
581 2833 717 2886 secundus
733 2831 868 2885 Patricius
886 2838 915 2884 et
930 2838 1061 2900 patronus
1080 2839 1152 2885 esset
1167 2833 1323 2898 Deciorum,
1338 2841 1366 2886 et
1376 2829 1442 2886 Desii

284 2937 334 2972 suc
346 2919 476 2973 dioecesis
489 2923 579 2970 essent
590 2933 677 2987 usque
689 2917 724 2970 ad
736 2915 817 2970 finem
829 2912 957 2969 saeculi.”
978 2916 1049 2970 Sunt
1057 2915 1097 2969 ita
1105 2916 1223 2971 desumti
1232 2935 1329 2972 versus
1338 2937 1353 2972 e
1362 2918 1442 2972 codice
1481 2939 1482 2942 ¹

285 3003 393 3072 collegii
406 3003 434 3057 S.
448 3001 546 3056 isidori
559 3001 671 3066 Romae,
686 3001 735 3055 sed
750 3008 828 3055 notet
846 3001 942 3065 editor,
956 3001 1038 3072 peuio
1049 3001 1128 3056 aliter
1145 3002 1200 3074 legi
1211 3021 1259 3058 eos
1271 3005 1346 3076 epud
1357 3003 1443 3073 Oolg*

284 3089 360 3141 nium
380 3097 408 3142 et
420 3087 567 3142 Usserium.
593 3087 700 3140 Horum
719 3103 801 3157 opera
818 3087 878 3139 cuin
895 3086 963 3140 mihi
982 3093 1090 3157 praesto
1108 3105 1163 3141 non
1182 3088 1246 3154 sint,
1261 3091 1442 3144 restituerem
1479 3139 1480 3144 ,

283 3173 395 3228 arbitrio
407 3175 461 3228 ita:

461 3248 559 3314 iAizte
572 3263 576 3326 Ι
590 3249 680 3317 umoll
695 3257 817 3328 olpdtn’c
830 3257 838 3328 Ι
846 3259 939 3327 pdtrs'c
950 3277 1059 3312 muman
1070 3277 1112 3312 sno
1125 3261 1131 3326 Ι
1144 3259 1265 3322 catoroth

463 3347 467 3407 Ι
480 3343 571 3397 meisa
579 3343 670 3412 pricio
681 3344 803 3416 occidere
815 3345 824 3414 Ι
837 3343 933 3408 inldeet'
943 3362 973 3397 oc
986 3343 991 3408 Ι
1004 3343 1096 3398 meua
1107 3345 1229 3398 colentis.

328 3462 446 3518 “Albius
456 3463 576 3528 humilis,
592 3463 658 3516 dicit
669 3463 811 3528 Patricius,
826 3463 862 3516 sit
873 3463 1007 3516 Patricius
1019 3461 1175 3516 Momoniae
1187 3477 1266 3518 meus
1277 3465 1403 3537 aequetis,

329 3549 466 3604 Decianus
479 3549 612 3602 Patricius
624 3549 777 3614 Desiorum‚
793 3549 849 3602 sint
860 3547 936 3602 Desii
948 3565 1009 3602 cum
1022 3548 1143 3602 Deciano
1156 3549 1183 3602 in
1196 3547 1384 3620 perpetuum?

355 3653 408 3706 Est
418 3653 491 3706 enim
504 3651 568 3704 item
580 3659 696 3706 metrum
709 3661 811 3723 septem
824 3650 997 3721 syllabarum.
1021 3651 1145 3716 Cuculli,
1156 3652 1278 3724 ejusdem
1291 3653 1443 3713 formem·

285 3738 382 3810 qualis,
403 3744 435 3790 ut
450 3737 585 3802 soclrutlr,
599 3735 686 3790 bonae
706 3737 816 3800 formae,
831 3736 971 3790 honestus.
997 3737 1030 3790 in
1048 3745 1185 3808 postremo
1205 3737 1329 3792 membro
1347 3739 1376 3791 in
1393 3737 1443 3791 loco
1461 3735 1462 3738 ’

284 3823 370 3878 idest
385 3841 415 3876 oc
434 3823 539 3876 vocales
556 3823 592 3875 ι’-ο
611 3822 774 3888 coalescunt,
789 3831 837 3876 aut
855 3828 920 3876 sunt
936 3821 996 3876 ioco
1014 3822 1096 3876 unius
1109 3821 1177 3876 duae
1190 3823 1304 3876 minoris
1317 3833 1442 3884 accentu,

284 3917 316 3964 ut
327 3910 356 3964 in
369 3907 564 3964 Benedictione
574 3909 603 3962 in
616 3909 733 3962 bernach
745 3909 842 3962 altu-cc
854 3908 992 3962 coercitis.

352 3996 365 4022 ⁸
383 3993 585 4064 orthographia
599 3993 643 4048 hic
655 4011 763 4064 quoque
776 3994 903 4064 congruit
913 4011 974 4046 cum
987 3999 1074 4046 aetate
1087 3993 1197 4059 codicis,
1212 4013 1236 4048 e.
1251 4013 1293 4066 gr.
1308 3997 1443 4050 destitutae

281 4099 300 4151 μ
312 4087 341 4134 et
351 4079 370 4132 d
380 4079 409 4134 in
419 4096 471 4148 qen
483 4079 612 4144 curtum,
626 4079 655 4132 in
667 4097 722 4150 quo
734 4087 777 4132 est
788 4079 868 4132 etiam
882 4079 939 4150 jam
952 4077 1076 4132 flexionis
1088 4079 1232 4150 neglectio,
1248 4099 1311 4136 cum
1324 4081 1444 4136 remetior

283 4167 379 4236 lingua
395 4165 447 4218 hoc
460 4164 578 4235 proferat
589 4183 635 4218 cen
647 4164 757 4218 chrdtim
772 4165 809 4235 (p.
824 4165 884 4234 262)
899 4182 913 4218 e
926 4165 1029 4228 crdtem,
1044 4181 1107 4236 gen.
1121 4165 1245 4225 mettum
1259 4167 1326 4222 item
1339 4168 1376 4230 ia,
1389 4165 1442 4220 scri·

283 4261 360 4322 ptum
372 4249 384 4302 i
394 4267 456 4304 cum
468 4250 548 4314 linea,
558 4257 620 4303 ente
633 4269 647 4302 o
659 4250 687 4303 in
700 4249 728 4302 in
737 4251 842 4316 cecide,
852 4249 998 4314 incertiore,
1008 4249 1074 4304 utin
1082 4249 1110 4303 in
1119 4251 1242 4306 tredithin
1252 4253 1440 4307 codiceh'eob..

282 4337 331 4390 ubi
343 4343 450 4390 vetusta
462 4335 557 4406 lingua
568 4336 688 4407 postulat
699 4334 744 4402 ic„
753 4335 784 4389 it.
804 4337 917 4390 Formae
924 4353 1004 4408 porro
1013 4335 1177 4390 recentiores
1189 4337 1347 4408 ascripsere
1355 4335 1443 4392 codicis

282 4429 348 4474 sunt
364 4421 433 4474 docta
449 4422 579 4476 articulus
592 4421 676 4475 dauri
688 4422 758 4492 plur.
773 4441 821 4494 pro
834 4421 939 4486 ἀοηαίὸ,
955 4421 1080 4485 bonnaci,
1095 4437 1143 4491 pro
1156 4439 1212 4492 quo
1224 4431 1268 4476 est
1280 4423 1393 4476 dendacl
1404 4421 1444 4472 sd·

281 4505 336 4560 huc
355 4507 383 4558 in
396 4506 471 4568 Wb„
487 4513 680 4560 tmussumtum
693 4507 740 4562 iat.
755 4507 911 4562 hoedum.
938 4507 1082 4561 Contracta
1094 4515 1185 4560 temen
1199 4507 1287 4562 forma
1300 4527 1327 4562 ee
1340 4511 1447 4581 partini-
