2994 5052
293 322 357 384 656
539 323 598 386 Iv.
619 327 649 384 2.
678 341 960 387 rmaroerrrouas
976 341 1213 388 11111111111.

292 492 410 569 lacum,
427 494 603 557 seeundum
618 493 724 558 lacum
738 513 840 576 usque
854 496 933 574 ete.)
952 499 1022 555 138.
1040 491 1155 558 dinoot
1168 513 1208 556 ar
1221 515 1242 578 y
1257 490 1317 576 tyr
1331 491 1383 558 det
1395 511 1456 555 mor

292 597 411 683 bosren
427 597 483 679 (ad
502 599 629 676 vallem,
647 600 824 662 secundum
841 619 912 662 eam
929 599 1081 682 usquein
1095 619 1182 662 mare
1198 597 1368 681 Sabrinee)
1385 597 1455 661 ibid.

292 703 327 766 in
350 702 400 766 tit
419 701 548 770 dirtnou
566 705 692 790 punina
715 706 911 785 (secundum
933 706 999 786 D.)
1017 713 1068 768 71.
1100 705 1263 788 Frequens
1290 703 1412 768 ibidem
1431 715 1459 768 et

292 811 429 874 formula
448 810 542 888 nitu,
560 810 653 887 inhit,
671 832 729 895 pro
751 811 786 874 in
808 811 823 874 i
840 810 898 888 hit,
916 833 960 896 yn
974 834 996 896 y
1010 811 1078 896 tyr,
1097 831 1172 875 cum
1185 809 1377 894 pronomine
1394 831 1459 893 por·

293 917 423 994 sensivo,
440 915 526 980 intit
544 926 651 979 tamen
673 916 772 980 etiam
786 916 1007 981 adverbialiter
1021 916 1136 1000 posita,
1154 915 1342 999 significans
1350 937 1456 998 porra,

293 1023 379 1087 idem
399 1023 485 1105 quod
506 1021 643 1100 intrem,
660 1032 802 1088 aetram.
833 1026 886 1086 Ar
907 1021 966 1107 Ityt
986 1022 1188 1104 (secundum,
1205 1024 1276 1105 per)
1298 1021 1336 1085 in
1352 1022 1455 1085 Mab.:

293 1151 376 1193 ouon
391 1129 554 1212 reqedawo
568 1150 608 1192 ar
622 1127 680 1212 Ityt
691 1151 712 1212 y
725 1130 826 1214 ylpnn
838 1128 955 1212 (amnis
970 1129 1074 1192 fluens
1089 1127 1125 1191 in
1139 1127 1344 1212 longitudine
1360 1127 1456 1204 vallia,

172 1268 174 1273 ·
293 1257 349 1319 per
364 1233 494 1316 vallem)
514 1243 542 1310 1,
561 1241 591 1296 3.
616 1234 735 1320 edrycl
756 1257 796 1298 ar
815 1235 874 1322 tyr
892 1257 914 1320 y
934 1234 1020 1319 tloffl
1034 1233 1290 1318 (circumspicere
1304 1255 1365 1319 per
1378 1233 1457 1298 cubi·

294 1342 418 1424 culum)
438 1347 466 1417 l,
487 1347 537 1404 15.
562 1340 673 1404 herdot
694 1349 853 1426 aeruqant
873 1362 913 1404 ar
932 1341 1030 1427 tyry
1052 1341 1122 1426 dyd
1133 1339 1191 1425 tyr
1204 1339 1302 1404 uate
1317 1339 1458 1423 (profecfi

293 1470 349 1532 per
364 1447 449 1512 diem
463 1467 565 1529 usque
580 1447 622 1510 ad
636 1449 814 1529 vesperam)
833 1452 862 1523 1,
882 1451 933 1508 31.

380 1551 589 1617 substantiva
613 1551 781 1636 ejusmodi,
811 1551 951 1636 spatium
975 1552 1026 1614 vel
1051 1561 1177 1636 tempus
1203 1551 1456 1626 determinantia,

293 1681 368 1723 cum
389 1679 448 1722 sua
466 1657 620 1741 peculiari
635 1658 767 1742 quodvis
782 1658 1027 1743 praepositione,
1045 1680 1127 1741 quae
1142 1656 1196 1720 vix
1212 1679 1360 1741 unquam
1374 1656 1458 1723 omit-

294 1765 373 1830 titur
388 1775 465 1828 sunt
476 1786 568 1848 porro
579 1763 672 1848 plura
684 1763 757 1841 elia,
772 1785 801 1828 e.
815 1787 863 1849 gr.
878 1765 975 1850 erbyn
988 1764 1171 1848 (oppositio,
1185 1767 1368 1847 occursus),
1379 1762 1460 1850 yuryl

294 1872 424 1953 (latus),
442 1871 543 1956 yrtly'e
564 1873 704 1953 (margo,
729 1869 847 1953 latus),
871 1871 906 1934 ol
924 1870 1140 1955 (vestigium),
1163 1869 1276 1954 uoltus,
1298 1866 1463 1954 qwartdes

294 1982 487 2060 (erumnam,
516 1997 665 2062 suprema
689 1977 794 2060 porc),
824 1975 865 2040 tle
892 1976 1026 2060 (loeus),
1054 1997 1140 2040 maer
1167 1978 1348 2060 (campus),
1376 1975 1458 2039 tuen

295 2089 401 2169 (apex,
416 2085 596 2165 cacumen),
607 2080 693 2164 ptitt
705 2081 887 2164 (medium),
903 2091 992 2146 traua
1004 2081 1160 2165 (directio,
1175 2082 1293 2166 positio
1305 2081 1457 2159 ulterior),

294 2191 390 2278 tyrel
403 2189 594 2269 (circuitus).
621 2187 817 2251 Pronomine
827 2189 855 2251 si
866 2189 996 2265 adeunt,
1010 2187 1188 2273 possessivo
1199 2198 1277 2252 sunt
1287 2187 1456 2272 infigenda.

379 2297 464 2360 Cum
489 2315 598 2378 praep.
621 2314 680 2356 ar:
708 2293 785 2358 licat
810 2294 981 2379 arpanhell
1003 2315 1043 2358 ar
1069 2303 1159 2360 traua
1179 2295 1211 2358 ir
1233 2293 1296 2358 eoit
1316 2293 1404 2376 (fone
1422 2295 1457 2355 Δ.
1485 2281 1491 2296 ’

297 2415 384 2466 trans
407 2400 534 2482 silvam)
549 2398 622 2462 Lib.
641 2399 744 2462 Land.
766 2406 837 2462 164.
860 2401 919 2486 ref
932 2421 1029 2464 aoruc
1046 2424 1067 2487 y
1083 2423 1156 2464 corr
1168 2415 1270 2486 ynay
1286 2399 1413 2464 tharne
1426 2418 1459 2460 ar

286 2507 440 2594 ffrowyll
457 2507 538 2570 aoed
556 2505 685 2590 ynylaw
704 2506 891 2592 ardrawey
913 2505 1045 2590 reynel
1068 2529 1106 2570 ae
1126 2505 1238 2591 llypet't
1251 2509 1346 2588 (tunc
1362 2503 1459 2588 coepit

294 2634 469 2699 pygmaeus
490 2613 619 2676 caedere
641 2610 779 2694 flagello,
797 2613 882 2695 quod
897 2612 1014 2676 eratin
1028 2611 1097 2696 ejus
1111 2632 1223 2689 manu,
1241 2633 1340 2694 nuper
1353 2609 1460 2676 ficiem

295 2721 364 2805 ejus
386 2730 418 2783 et
439 2719 560 2801 oculos)
577 2718 666 2781 Mab.
687 2721 717 2794 2,
739 2724 788 2780 11.
811 2717 925 2802 ydodir
944 2718 1096 2804 yqytlelt
1106 2740 1172 2804 yoy
1184 2717 1288 2801 praeire
1303 2739 1344 2780 or
1359 2718 1459 2782 dm

294 2851 315 2914 y
342 2827 467 2912 llifdwr
486 2825 610 2909 (jactus
637 2823 787 2886 cultellus
814 2822 849 2886 in
870 2823 987 2907 vagina
1007 2835 1096 2888 trans
1118 2825 1306 2904 torrentem)
1323 2822 1414 2886 Mab.
1431 2825 1457 2896 1,

297 2940 371 2998 209.
395 2955 416 3018 y
437 2931 629 2995 kerdaesant
649 2953 689 2993 ar
712 2938 809 2994 bewe
831 2951 916 2993 maer
940 2951 1041 2994 maror
1057 2951 1231 3014 arqyproec
1245 2927 1363 3015 17111
1377 2936 1458 3014 ryty

292 3061 385 3125 prees
404 3060 444 3102 ar
459 3037 578 3122 hasten
593 3039 828 3119 (processerunt
842 3056 938 3119 super
952 3035 1121 3120 planitiem
1134 3055 1289 3118 magnam
1302 3035 1346 3098 A.
1363 3053 1459 3118 usqne

295 3147 337 3210 ad
350 3146 470 3208 vadum
484 3143 586 3206 erucis
601 3143 641 3206 ad
657 3141 839 3224 Sabrinam)
853 3145 883 3219 2,
901 3147 973 3204 377.
991 3164 1013 3227 y
1028 3140 1140 3204 kerdei
1152 3161 1192 3205 ar
1207 3141 1316 3204 drawa
1330 3163 1373 3226 yr
1384 3158 1458 3224 ynyr

296 3272 332 3316 or
342 3272 412 3314 mor
423 3249 589 3334 (prooessit
600 3270 696 3332 super
706 3247 847 3311 insulam
857 3269 877 3311 a
888 3247 982 3328 mari)
993 3253 1022 3323 3,
1033 3252 1106 3310 265.
1119 3269 1196 3333 φηγ
1209 3246 1251 3310 lle
1262 3267 1304 3308 ar
1314 3246 1350 3308 ol
1358 3245 1459 3330 lym

297 3357 346 3441 (in
368 3356 437 3420 loco
458 3365 532 3440 post
554 3355 625 3431 hoc,
643 3353 753 3418 statim
766 3357 891 3437 postea)
910 3360 939 3429 1,
950 3357 1010 3415 73.
1037 3352 1191 3416 llenlla'ein
1206 3349 1385 3438 onradusy
1398 3369 1459 3414 are·

296 3463 389 3528 cleon.
410 3510 417 3526 .
435 3509 443 3526 .
461 3482 483 3524 a
494 3460 662 3546 podennyd
674 3481 714 3522 ar
729 3459 878 3544 marthus
885 3481 907 3544 y
923 3458 1077 3524 llenlliet'n
1090 3459 1209 3543 (linum
1224 3478 1323 3541 supra
1338 3467 1457 3544 tegmen

295 3581 329 3634 et
342 3567 492 3654 pulvinar
506 3587 602 3650 supra
615 3565 733 3649 linum)
750 3573 781 3644 2,
802 3572 874 3628 374.

382 3675 424 3738 In
449 3671 713 3755 descriptionibm
735 3671 850 3735 finium
872 3669 945 3734 libri
967 3670 1186 3734 Lendaveneie
1208 3691 1248 3734 ar
1269 3677 1361 3735 &aaa
1380 3677 1411 3731 et
1430 3665 1460 3728 ia

297 3791 387 3846 bour
407 3777 586 3865 promiscue
607 3788 779 3842 occurrunt
799 3777 868 3840 loco
888 3775 983 3840 latini
989 3797 1091 3859 porro
1106 3775 1140 3839 in
1156 3777 1265 3840 eedem
1280 3773 1458 3839 directione.

296 3889 360 3951 Pro
386 3907 425 3948 ar
451 3885 483 3948 ot
507 3883 625 3968 legitur
649 3882 747 3947 etiam
771 3905 816 3968 yn
842 3882 876 3945 ot
895 3881 929 3945 in
952 3881 1186 3966 significatione
1206 3877 1457 3966 praepositionis,

294 3991 481 4079 praesertim
503 4011 577 4053 cum
598 3987 786 4074 pronomine
808 3987 926 4052 infixo:
955 4009 999 4073 yn
1020 3988 1054 4051 ol
1070 4011 1092 4073 y
1108 3987 1222 4071 bonos
1234 4009 1255 4072 y
1273 3988 1346 4052 doro
1361 3985 1461 4048 11111σέ

295 4103 382 4185 (post
396 4097 573 4161 tumultum
589 4093 677 4158 venit
692 4097 878 4177 tempestas)
895 4093 983 4156 Mab.
1007 4101 1034 4170 1,
1054 4099 1084 4156 8.
1106 4093 1235 4158 minnere
1249 4093 1319 4178 aas
1325 4090 1381 4178 yet
1394 4085 1462 4154 oto·

295 4210 368 4290 (ego
383 4203 436 4266 ibo
452 4203 486 4265 in
503 4212 558 4264 tuo
573 4199 719 4284 vestigio,
737 4202 870 4284 postte)
887 4199 977 4263 Mab.
1000 4205 1027 4275 1,
1047 4203 1119 4261 237.

381 4311 465 4374 Cum
485 4329 593 4393 praep.
612 4329 691 4370 can:
705 4303 805 4390 fford
822 4327 890 4390 pen
909 4305 1012 4392 yetlye
1031 4327 1073 4392 ψ·
1094 4327 1178 4369 auen
1201 4303 1268 4387 (via
1289 4303 1459 4368 secundum

295 4415 444 4496 fluvium)
467 4415 556 4477 Mab.
577 4420 612 4490 1,
633 4420 663 4476 3.
691 4410 961 4496 morckowcffivrd
986 4433 1054 4495 pan
1077 4411 1179 4496 yatlyt
1205 4433 1227 4496 y
1253 4409 1375 4496 fforeat
1396 4405 1460 4490 (vir
