<?xml version="1.0" encoding="UTF-8"?>
<!DOCTYPE html PUBLIC "-//W3C//DTD XHTML 1.0 Transitional//EN"
    "http://www.w3.org/TR/xhtml1/DTD/xhtml1-transitional.dtd">
<html xmlns="http://www.w3.org/1999/xhtml" xml:lang="en" lang="en">
 <head>
  <title>
</title>
<meta http-equiv="Content-Type" content="text/html;charset=utf-8" />
  <meta name='ocr-system' content='tesseract 3.04.00' />
  <meta name='ocr-capabilities' content='ocr_page ocr_carea ocr_par ocr_line ocrx_word'/>
</head>
<body>
  <div class='ocr_page' id='page_1' title='image "./grammaticacelti01zeusgoog_0377.png"; bbox 0 0 2978 5054; ppageno 0'>
   <div class='ocr_carea' id='block_1_1' title="bbox 233 355 1184 419">
    <p class='ocr_par' dir='ltr' id='par_1_1' title="bbox 233 355 1184 419">
     <span class='ocr_line' id='line_1_1' title="bbox 233 355 1184 419; baseline -0.001 0"><span class='ocrx_word' id='word_1_1' title='bbox 233 355 291 419; x_wconf 87' lang='lat' dir='ltr'><strong>VI.</strong></span> <span class='ocrx_word' id='word_1_2' title='bbox 310 358 340 418; x_wconf 81' lang='grc'><strong>2.</strong></span> <span class='ocrx_word' id='word_1_3' title='bbox 373 373 597 418; x_wconf 75' lang='lat' dir='ltr'><strong>conscensus</strong></span> <span class='ocrx_word' id='word_1_4' title='bbox 613 373 752 418; x_wconf 81' lang='lat' dir='ltr'><strong>ronnroa</strong></span> <span class='ocrx_word' id='word_1_5' title='bbox 768 371 966 418; x_wconf 79' lang='lat' dir='ltr'><strong>rrrnnnnrcn.</strong></span> <span class='ocrx_word' id='word_1_6' title='bbox 1121 355 1184 418; x_wconf 76' lang='grc'><strong>999</strong></span> 
     </span>
    </p>
   </div>
   <div class='ocr_carea' id='block_1_2' title="bbox 52 523 1185 908">
    <p class='ocr_par' dir='ltr' id='par_1_2' title="bbox 52 523 1185 908">
     <span class='ocr_line' id='line_1_2' title="bbox 54 523 1184 610; baseline -0.004 -18"><span class='ocrx_word' id='word_1_7' title='bbox 54 523 184 592; x_wconf 76' lang='lat' dir='ltr'><strong>indllneclc</strong></span> <span class='ocrx_word' id='word_1_8' title='bbox 195 523 363 610; x_wconf 64' lang='lat' dir='ltr'><strong>secretaria</strong></span> <span class='ocrx_word' id='word_1_9' title='bbox 386 525 503 590; x_wconf 78' lang='lat' dir='ltr'><strong>trirecd</strong></span> <span class='ocrx_word' id='word_1_10' title='bbox 524 523 603 590; x_wconf 77' lang='lat' dir='ltr'><strong>inno</strong></span> <span class='ocrx_word' id='word_1_11' title='bbox 623 525 695 588; x_wconf 63' lang='lat' dir='ltr'><strong>adn.</strong></span> <span class='ocrx_word' id='word_1_12' title='bbox 730 525 805 588; x_wconf 82' lang='lat' dir='ltr'><strong>Vox</strong></span> <span class='ocrx_word' id='word_1_13' title='bbox 814 523 977 608; x_wconf 80' lang='lat' dir='ltr'><strong>fiddas’doe</strong></span> <span class='ocrx_word' id='word_1_14' title='bbox 997 545 1072 588; x_wconf 90' lang='lat' dir='ltr'><strong>cum</strong></span> <span class='ocrx_word' id='word_1_15' title='bbox 1092 523 1184 608; x_wconf 89' lang='lat' dir='ltr'><strong>signo</strong></span> 
     </span>
     <span class='ocr_line' id='line_1_3' title="bbox 53 630 1185 720; baseline 0 -26"><span class='ocrx_word' id='word_1_16' title='bbox 53 631 193 708; x_wconf 77' lang='lat' dir='ltr'><strong>indicante,</strong></span> <span class='ocrx_word' id='word_1_17' title='bbox 210 653 271 714; x_wconf 91' lang='lat' dir='ltr'><strong>quo</strong></span> <span class='ocrx_word' id='word_1_18' title='bbox 290 631 460 718; x_wconf 82' lang='lat' dir='ltr'><strong>pertineat,</strong></span> <span class='ocrx_word' id='word_1_19' title='bbox 476 631 594 716; x_wconf 89' lang='lat' dir='ltr'><strong>legitur</strong></span> <span class='ocrx_word' id='word_1_20' title='bbox 607 630 690 694; x_wconf 83' lang='lat' dir='ltr'><strong>infra</strong></span> <span class='ocrx_word' id='word_1_21' title='bbox 704 631 834 708; x_wconf 90' lang='lat' dir='ltr'><strong>lineam,</strong></span> <span class='ocrx_word' id='word_1_22' title='bbox 852 631 888 694; x_wconf 92' lang='lat' dir='ltr'><strong>in</strong></span> <span class='ocrx_word' id='word_1_23' title='bbox 902 630 987 720; x_wconf 72' lang='lat' dir='ltr'><strong>linea</strong></span> <span class='ocrx_word' id='word_1_24' title='bbox 1003 630 1096 694; x_wconf 81' lang='lat' dir='ltr'><strong>tertia</strong></span> <span class='ocrx_word' id='word_1_25' title='bbox 1111 631 1185 694; x_wconf 87' lang='lat' dir='ltr'><strong>dein</strong></span> 
     </span>
     <span class='ocr_line' id='line_1_4' title="bbox 52 736 1185 820; baseline 0 -20"><span class='ocrx_word' id='word_1_26' title='bbox 52 749 182 820; x_wconf 87' lang='lat' dir='ltr'><strong>separata:</strong></span> <span class='ocrx_word' id='word_1_27' title='bbox 205 737 343 802; x_wconf 76' lang='lat' dir='ltr'><strong>meruith</strong></span> <span class='ocrx_word' id='word_1_28' title='bbox 363 759 450 800; x_wconf 85' lang='lat' dir='ltr'><strong>cerco</strong></span> <span class='ocrx_word' id='word_1_29' title='bbox 470 737 539 800; x_wconf 76' lang='lat' dir='ltr'><strong>edin</strong></span> <span class='ocrx_word' id='word_1_30' title='bbox 561 738 700 802; x_wconf 81' lang='lat' dir='ltr'><strong>mordda</strong></span> <span class='ocrx_word' id='word_1_31' title='bbox 719 736 830 801; x_wconf 78' lang='lat' dir='ltr'><strong>ac&#39;tluu</strong></span> <span class='ocrx_word' id='word_1_32' title='bbox 848 760 869 800; x_wconf 89' lang='lat' dir='ltr'><strong>a</strong></span> <span class='ocrx_word' id='word_1_33' title='bbox 890 737 1057 800; x_wconf 79' lang='lat' dir='ltr'><strong>mdeletc&#39;n.</strong></span> <span class='ocrx_word' id='word_1_34' title='bbox 1089 736 1185 800; x_wconf 88' lang='lat' dir='ltr'><strong>Vocis</strong></span> 
     </span>
     <span class='ocr_line' id='line_1_5' title="bbox 52 841 1182 908; baseline 0 -3"><span class='ocrx_word' id='word_1_35' title='bbox 52 841 136 906; x_wconf 77' lang='lat' dir='ltr'><strong>altine</strong></span> <span class='ocrx_word' id='word_1_36' title='bbox 147 843 248 907; x_wconf 80' lang='lat' dir='ltr'><strong>literne</strong></span> <span class='ocrx_word' id='word_1_37' title='bbox 261 843 384 908; x_wconf 87' lang='lat' dir='ltr'><strong>mediae</strong></span> <span class='ocrx_word' id='word_1_38' title='bbox 399 843 447 906; x_wconf 77' lang='lat' dir='ltr'><strong>iat</strong></span> <span class='ocrx_word' id='word_1_39' title='bbox 461 864 528 906; x_wconf 88' lang='lat' dir='ltr'><strong>non</strong></span> <span class='ocrx_word' id='word_1_40' title='bbox 542 841 619 906; x_wconf 87' lang='lat' dir='ltr'><strong>satis</strong></span> <span class='ocrx_word' id='word_1_41' title='bbox 634 854 712 907; x_wconf 89' lang='lat' dir='ltr'><strong>sunt</strong></span> <span class='ocrx_word' id='word_1_42' title='bbox 727 853 829 906; x_wconf 85' lang='lat' dir='ltr'><strong>certae</strong></span> <span class='ocrx_word' id='word_1_43' title='bbox 844 843 885 906; x_wconf 91' lang='lat' dir='ltr'><strong>ob</strong></span> <span class='ocrx_word' id='word_1_44' title='bbox 898 843 1015 908; x_wconf 87' lang='lat' dir='ltr'><strong>ductus</strong></span> <span class='ocrx_word' id='word_1_45' title='bbox 1026 842 1182 907; x_wconf 87' lang='lat' dir='ltr'><strong>insolitos.</strong></span> 
     </span>
    </p>
   </div>
   <div class='ocr_carea' id='block_1_3' title="bbox 50 947 1187 1119">
    <p class='ocr_par' dir='ltr' id='par_1_3' title="bbox 50 939 1187 1119">
     <span class='ocr_line' id='line_1_6' title="bbox 115 947 1186 1033; baseline 0 -21"><span class='ocrx_word' id='word_1_46' title='bbox 115 950 188 1013; x_wconf 85' lang='lat' dir='ltr'><strong>Item</strong></span> <span class='ocrx_word' id='word_1_47' title='bbox 208 949 242 1012; x_wconf 92' lang='lat' dir='ltr'><strong>in</strong></span> <span class='ocrx_word' id='word_1_48' title='bbox 261 950 410 1014; x_wconf 79' lang='lat' dir='ltr'><strong>inferiore</strong></span> <span class='ocrx_word' id='word_1_49' title='bbox 431 948 575 1032; x_wconf 80' lang='lat' dir='ltr'><strong>margine</strong></span> <span class='ocrx_word' id='word_1_50' title='bbox 589 972 622 1033; x_wconf 90' lang='lat' dir='ltr'><strong>p.</strong></span> <span class='ocrx_word' id='word_1_51' title='bbox 642 954 737 1011; x_wconf 76' lang='lat' dir='ltr'><strong>tole</strong></span> <span class='ocrx_word' id='word_1_52' title='bbox 759 947 888 1032; x_wconf 84' lang='lat' dir='ltr'><strong>regione</strong></span> <span class='ocrx_word' id='word_1_53' title='bbox 901 948 1077 1032; x_wconf 82' lang='lat' dir='ltr'><strong>scripturae</strong></span> <span class='ocrx_word' id='word_1_54' title='bbox 1091 949 1186 1012; x_wconf 92' lang='lat' dir='ltr'><strong>modo</strong></span> 
     </span>
     <span class='ocr_line' id='line_1_7' title="bbox 50 1053 1187 1119; baseline 0 -1"><span class='ocrx_word' id='word_1_55' title='bbox 50 1055 130 1118; x_wconf 87' lang='lat' dir='ltr'><strong>dictae</strong></span> <span class='ocrx_word' id='word_1_56' title='bbox 147 1057 183 1118; x_wconf 92' lang='lat' dir='ltr'><strong>ad</strong></span> <span class='ocrx_word' id='word_1_57' title='bbox 204 1057 382 1119; x_wconf 84' lang='lat' dir='ltr'><strong>dexteram:</strong></span> <span class='ocrx_word' id='word_1_58' title='bbox 411 1053 588 1118; x_wconf 67' lang='lat' dir='ltr'><strong>Fomcltaa&#39;n</strong></span> <span class='ocrx_word' id='word_1_59' title='bbox 615 1053 664 1116; x_wconf 78' lang='lat' dir='ltr'><strong>co&#39;c&#39;</strong></span> <span class='ocrx_word' id='word_1_60' title='bbox 682 1076 776 1117; x_wconf 83' lang='lat' dir='ltr'><strong>menn</strong></span> <span class='ocrx_word' id='word_1_61' title='bbox 796 1053 923 1116; x_wconf 80' lang='lat' dir='ltr'><strong>medair</strong></span> <span class='ocrx_word' id='word_1_62' title='bbox 943 1075 1028 1116; x_wconf 82' lang='lat' dir='ltr'><strong>mass</strong></span> <span class='ocrx_word' id='word_1_63' title='bbox 1049 1053 1187 1118; x_wconf 76' lang='lat' dir='ltr'><strong>dimdrot</strong></span> 
     </span>
    </p>
   </div>
   <div class='ocr_carea' id='block_1_4' title="bbox 42 1157 1294 1880">
    <p class='ocr_par' dir='ltr' id='par_1_4' title="bbox 42 1157 1294 1756">
     <span class='ocr_line' id='line_1_8' title="bbox 47 1157 1186 1245; baseline 0 -21"><span class='ocrx_word' id='word_1_64' title='bbox 47 1161 114 1243; x_wconf 82' lang='lat' dir='ltr'><strong>ylaac</strong></span> <span class='ocrx_word' id='word_1_65' title='bbox 126 1162 162 1224; x_wconf 84' lang='lat' dir='ltr'><strong>de</strong></span> <span class='ocrx_word' id='word_1_66' title='bbox 175 1159 347 1245; x_wconf 72' lang='lat' dir='ltr'><strong>dindynaid</strong></span> <span class='ocrx_word' id='word_1_67' title='bbox 363 1161 446 1226; x_wconf 78' lang='lat' dir='ltr'><strong>doec.</strong></span> <span class='ocrx_word' id='word_1_68' title='bbox 461 1157 594 1224; x_wconf 78' lang='lat' dir='ltr'><strong>dedradd</strong></span> <span class='ocrx_word' id='word_1_69' title='bbox 605 1157 838 1224; x_wconf 69' lang='lat' dir='ltr'><strong>nomcloimdc&#39;u</strong></span> <span class='ocrx_word' id='word_1_70' title='bbox 850 1159 951 1222; x_wconf 72' lang='lat' dir='ltr'><strong>edim</strong></span> <span class='ocrx_word' id='word_1_71' title='bbox 963 1157 1186 1224; x_wconf 71' lang='lat' dir='ltr'><strong>edinscrr&#39;bnc&#39;n&#39;a</strong></span> 
     </span>
     <span class='ocr_line' id='line_1_9' title="bbox 62 1288 181 1330; baseline 0.017 -2"><span class='ocrx_word' id='word_1_72' title='bbox 62 1288 88 1328; x_wconf 73' lang='grc' dir='ltr'><strong>ΟΥ</strong></span> <span class='ocrx_word' id='word_1_73' title='bbox 133 1294 181 1330; x_wconf 73' lang='lat'><strong>0&#39;.&#39;·⁸·&#39;</strong></span> 
     </span>
     <span class='ocr_line' id='line_1_10' title="bbox 42 1267 1294 1458; baseline 0 -22"><span class='ocrx_word' id='word_1_74' title='bbox 42 1267 324 1458; x_wconf 60' lang='lat' dir='ltr'><strong>fmllnsuperiore</strong></span> <span class='ocrx_word' id='word_1_75' title='bbox 345 1373 489 1458; x_wconf 82' lang='lat' dir='ltr'><strong>margine</strong></span> <span class='ocrx_word' id='word_1_76' title='bbox 511 1371 647 1458; x_wconf 87' lang='lat' dir='ltr'><strong>paginae</strong></span> <span class='ocrx_word' id='word_1_77' title='bbox 671 1376 731 1435; x_wconf 82' lang='lat'><strong>229</strong></span> <span class='ocrx_word' id='word_1_78' title='bbox 754 1371 855 1438; x_wconf 85' lang='lat' dir='ltr'><strong>literis</strong></span> <span class='ocrx_word' id='word_1_79' title='bbox 877 1371 986 1458; x_wconf 86' lang='lat' dir='ltr'><strong>paullo</strong></span> <span class='ocrx_word' id='word_1_80' title='bbox 1008 1371 1184 1436; x_wconf 90' lang='lat' dir='ltr'><strong>minoribus</strong></span> <span class='ocrx_word' id='word_1_81' title='bbox 1290 1356 1294 1371; x_wconf 65' lang='lat'><strong>,</strong></span> 
     </span>
     <span class='ocr_line' id='line_1_11' title="bbox 47 1476 1185 1563; baseline 0 -21"><span class='ocrx_word' id='word_1_82' title='bbox 47 1479 163 1560; x_wconf 83' lang='lat' dir='ltr'><strong>quanin</strong></span> <span class='ocrx_word' id='word_1_83' title='bbox 177 1479 245 1544; x_wconf 87' lang='lat' dir='ltr'><strong>aliis</strong></span> <span class='ocrx_word' id='word_1_84' title='bbox 260 1479 312 1544; x_wconf 91' lang='lat' dir='ltr'><strong>his</strong></span> <span class='ocrx_word' id='word_1_85' title='bbox 327 1479 571 1563; x_wconf 85' lang='lat' dir='ltr'><strong>marginalibus:</strong></span> <span class='ocrx_word' id='word_1_86' title='bbox 601 1477 685 1544; x_wconf 71' lang='lat' dir='ltr'><strong>uait</strong></span> <span class='ocrx_word' id='word_1_87' title='bbox 700 1477 830 1542; x_wconf 77' lang='lat' dir='ltr'><strong>doeduc&#39;l</strong></span> <span class='ocrx_word' id='word_1_88' title='bbox 843 1476 1056 1542; x_wconf 78' lang='lat' dir='ltr'><strong>a&#39;sincltaroaa&#39;r</strong></span> <span class='ocrx_word' id='word_1_89' title='bbox 1070 1477 1108 1542; x_wconf 79' lang='lat' dir='ltr'><strong>ni</strong></span> <span class='ocrx_word' id='word_1_90' title='bbox 1120 1478 1185 1542; x_wconf 77' lang='lat' dir='ltr'><strong>rdie</strong></span> 
     </span>
     <span class='ocr_line' id='line_1_12' title="bbox 46 1581 1185 1669; baseline 0.002 -23"><span class='ocrx_word' id='word_1_91' title='bbox 46 1583 138 1649; x_wconf 74' lang='lat' dir='ltr'><strong>allaim</strong></span> <span class='ocrx_word' id='word_1_92' title='bbox 155 1609 196 1650; x_wconf 81' lang='lat' dir='ltr'><strong>na</strong></span> <span class='ocrx_word' id='word_1_93' title='bbox 215 1584 341 1650; x_wconf 79' lang='lat' dir='ltr'><strong>colcoid</strong></span> <span class='ocrx_word' id='word_1_94' title='bbox 357 1587 466 1669; x_wconf 63' lang='lat' dir='ltr'><strong>raray</strong></span> <span class='ocrx_word' id='word_1_95' title='bbox 488 1583 573 1650; x_wconf 77' lang='lat' dir='ltr'><strong>incia</strong></span> <span class='ocrx_word' id='word_1_96' title='bbox 594 1583 698 1648; x_wconf 79' lang='lat' dir='ltr'><strong>emnil</strong></span> <span class='ocrx_word' id='word_1_97' title='bbox 715 1583 832 1648; x_wconf 74' lang='lat' dir='ltr'><strong>daebal</strong></span> <span class='ocrx_word' id='word_1_98' title='bbox 850 1581 984 1668; x_wconf 66' lang='lat' dir='ltr'><strong>cotyaei</strong></span> <span class='ocrx_word' id='word_1_99' title='bbox 996 1583 1185 1648; x_wconf 68' lang='lat' dir='ltr'><strong>indnuntur</strong></span> 
     </span>
     <span class='ocr_line' id='line_1_13' title="bbox 46 1689 163 1756; baseline 0.034 -4"><span class='ocrx_word' id='word_1_100' title='bbox 46 1689 136 1754; x_wconf 82' lang='lat' dir='ltr'><strong>doden&#39;</strong></span> <span class='ocrx_word' id='word_1_101' title='bbox 156 1741 163 1756; x_wconf 91' lang='lat'>.</span> 
     </span>
    </p>

    <p class='ocr_par' dir='ltr' id='par_1_5' title="bbox 109 1693 726 1880">
     <span class='ocr_line' id='line_1_14' title="bbox 109 1693 726 1880; baseline -0.003 -19"><span class='ocrx_word' id='word_1_102' title='bbox 109 1693 185 1862; x_wconf 54' lang='lat' dir='ltr'><strong>Sldnt</strong></span> <span class='ocrx_word' id='word_1_103' title='bbox 199 1799 288 1862; x_wconf 86' lang='lat' dir='ltr'><strong>enim</strong></span> <span class='ocrx_word' id='word_1_104' title='bbox 301 1797 337 1862; x_wconf 90' lang='lat' dir='ltr'><strong>in</strong></span> <span class='ocrx_word' id='word_1_105' title='bbox 351 1795 403 1860; x_wconf 89' lang='lat' dir='ltr'><strong>his</strong></span> <span class='ocrx_word' id='word_1_106' title='bbox 418 1807 586 1880; x_wconf 81' lang='lat' dir='ltr'><strong>sequentes</strong></span> <span class='ocrx_word' id='word_1_107' title='bbox 601 1816 726 1860; x_wconf 85' lang='lat' dir='ltr'><strong>versus:</strong></span> 
     </span>
    </p>
   </div>
   <div class='ocr_carea' id='block_1_5' title="bbox 62 1935 1101 2126">
    <p class='ocr_par' dir='ltr' id='par_1_6' title="bbox 62 1935 1101 2126">
     <span class='ocr_line' id='line_1_15' title="bbox 63 1935 975 2024; baseline 0.002 -26"><span class='ocrx_word' id='word_1_108' title='bbox 63 1941 161 1999; x_wconf 78' lang='lat' dir='ltr'><strong>Irocher</strong></span> <span class='ocrx_word' id='word_1_109' title='bbox 174 1941 288 2018; x_wconf 74' lang='lat' dir='ltr'><strong>iapdc&#39;th</strong></span> <span class='ocrx_word' id='word_1_110' title='bbox 304 1941 424 2000; x_wconf 75' lang='lat' dir='ltr'><strong>innoeht</strong></span> <span class='ocrx_word' id='word_1_111' title='bbox 439 1936 450 2024; x_wconf 96' lang='grc' dir='ltr'><strong>ΙΙ</strong></span> <span class='ocrx_word' id='word_1_112' title='bbox 457 1945 501 2020; x_wconf 85' lang='lat' dir='ltr'><strong>fu</strong></span> <span class='ocrx_word' id='word_1_113' title='bbox 519 1941 524 2017; x_wconf 98' lang='grc' dir='ltr'>Ι</span> <span class='ocrx_word' id='word_1_114' title='bbox 536 1943 650 2020; x_wconf 76' lang='lat' dir='ltr'><strong>suarna</strong></span> <span class='ocrx_word' id='word_1_115' title='bbox 669 1935 674 2022; x_wconf 94' lang='grc' dir='ltr'>Ι</span> <span class='ocrx_word' id='word_1_116' title='bbox 685 1939 793 2020; x_wconf 75' lang='lat' dir='ltr'><strong>sciren</strong></span> <span class='ocrx_word' id='word_1_117' title='bbox 807 1937 875 1999; x_wconf 80' lang='lat' dir='ltr'><strong>sind</strong></span> <span class='ocrx_word' id='word_1_118' title='bbox 892 1935 896 2022; x_wconf 95' lang='grc' dir='ltr'>Ι</span> <span class='ocrx_word' id='word_1_119' title='bbox 908 1937 975 2020; x_wconf 89' lang='lat' dir='ltr'><strong>solt</strong></span> 
     </span>
     <span class='ocr_line' id='line_1_16' title="bbox 62 2039 1101 2126; baseline 0.003 -26"><span class='ocrx_word' id='word_1_120' title='bbox 62 2043 89 2100; x_wconf 77' lang='lat' dir='ltr'><strong>ai</strong></span> <span class='ocrx_word' id='word_1_121' title='bbox 99 2049 161 2121; x_wconf 79' lang='lat' dir='ltr'><strong>dyor</strong></span> <span class='ocrx_word' id='word_1_122' title='bbox 173 2045 246 2102; x_wconf 75' lang='lat' dir='ltr'><strong>reic&#39;r‘e</strong></span> <span class='ocrx_word' id='word_1_123' title='bbox 267 2043 273 2121; x_wconf 91' lang='grc' dir='ltr'>Ι</span> <span class='ocrx_word' id='word_1_124' title='bbox 291 2065 372 2103; x_wconf 83' lang='lat' dir='ltr'><strong>mora</strong></span> <span class='ocrx_word' id='word_1_125' title='bbox 390 2043 396 2120; x_wconf 92' lang='grc' dir='ltr'>Ι</span> <span class='ocrx_word' id='word_1_126' title='bbox 415 2045 496 2102; x_wconf 88' lang='lat' dir='ltr'><strong>minn</strong></span> <span class='ocrx_word' id='word_1_127' title='bbox 512 2039 523 2126; x_wconf 95' lang='grc' dir='ltr'><strong>ΙΙ</strong></span> <span class='ocrx_word' id='word_1_128' title='bbox 539 2044 617 2102; x_wconf 75' lang='lat' dir='ltr'><strong>dona</strong></span> <span class='ocrx_word' id='word_1_129' title='bbox 633 2043 639 2118; x_wconf 97' lang='grc' dir='ltr'>Ι</span> <span class='ocrx_word' id='word_1_130' title='bbox 660 2043 703 2100; x_wconf 81' lang='lat' dir='ltr'><strong>lae</strong></span> <span class='ocrx_word' id='word_1_131' title='bbox 717 2043 899 2101; x_wconf 74' lang='lat' dir='ltr'><strong>chraidlar&#39;nn</strong></span> <span class='ocrx_word' id='word_1_132' title='bbox 915 2039 1101 2124; x_wconf 69' lang='lat' dir='ltr'><strong>oollotdllmd.</strong></span> 
     </span>
    </p>
   </div>
   <div class='ocr_carea' id='block_1_6' title="bbox 38 2177 1183 2682">
    <p class='ocr_par' dir='ltr' id='par_1_7' title="bbox 38 2177 1183 2682">
     <span class='ocr_line' id='line_1_17' title="bbox 106 2177 1183 2264; baseline 0.003 -22"><span class='ocrx_word' id='word_1_133' title='bbox 106 2181 283 2244; x_wconf 87' lang='lat' dir='ltr'><strong>Membrum</strong></span> <span class='ocrx_word' id='word_1_134' title='bbox 311 2179 444 2264; x_wconf 83' lang='lat' dir='ltr'><strong>quodvis</strong></span> <span class='ocrx_word' id='word_1_135' title='bbox 476 2191 525 2244; x_wconf 89' lang='lat' dir='ltr'><strong>est</strong></span> <span class='ocrx_word' id='word_1_136' title='bbox 555 2189 678 2264; x_wconf 87' lang='lat' dir='ltr'><strong>septem</strong></span> <span class='ocrx_word' id='word_1_137' title='bbox 706 2177 920 2262; x_wconf 85' lang='lat' dir='ltr'><strong>syllabarum,</strong></span> <span class='ocrx_word' id='word_1_138' title='bbox 945 2201 1019 2242; x_wconf 91' lang='lat' dir='ltr'><strong>cnm</strong></span> <span class='ocrx_word' id='word_1_139' title='bbox 1051 2191 1116 2244; x_wconf 87' lang='lat' dir='ltr'><strong>tam</strong></span> <span class='ocrx_word' id='word_1_140' title='bbox 1136 2179 1183 2245; x_wconf 93' lang='lat' dir='ltr'><strong>di·</strong></span> 
     </span>
     <span class='ocr_line' id='line_1_18' title="bbox 39 2283 1181 2370; baseline 0.004 -24"><span class='ocrx_word' id='word_1_141' title='bbox 39 2283 172 2370; x_wconf 88' lang='lat' dir='ltr'><strong>phthongi</strong></span> <span class='ocrx_word' id='word_1_142' title='bbox 184 2309 284 2370; x_wconf 87' lang='lat' dir='ltr'><strong>quam</strong></span> <span class='ocrx_word' id='word_1_143' title='bbox 294 2288 417 2350; x_wconf 84' lang='lat' dir='ltr'><strong>vocales</strong></span> <span class='ocrx_word' id='word_1_144' title='bbox 429 2285 565 2348; x_wconf 86' lang='lat' dir='ltr'><strong>infectae</strong></span> <span class='ocrx_word' id='word_1_145' title='bbox 577 2283 628 2348; x_wconf 88' lang='lat' dir='ltr'><strong>vel</strong></span> <span class='ocrx_word' id='word_1_146' title='bbox 639 2283 753 2368; x_wconf 88' lang='lat' dir='ltr'><strong>longae</strong></span> <span class='ocrx_word' id='word_1_147' title='bbox 765 2285 899 2363; x_wconf 83' lang='lat' dir='ltr'><strong>solutae,</strong></span> <span class='ocrx_word' id='word_1_148' title='bbox 913 2307 941 2347; x_wconf 91' lang='lat' dir='ltr'><strong>e.</strong></span> <span class='ocrx_word' id='word_1_149' title='bbox 952 2307 1001 2368; x_wconf 91' lang='lat' dir='ltr'><strong>gr.</strong></span> <span class='ocrx_word' id='word_1_150' title='bbox 1017 2285 1061 2363; x_wconf 80' lang='lat' dir='ltr'><strong>di,</strong></span> <span class='ocrx_word' id='word_1_151' title='bbox 1074 2287 1114 2364; x_wconf 81' lang='lat' dir='ltr'><strong>ei,</strong></span> <span class='ocrx_word' id='word_1_152' title='bbox 1127 2309 1181 2365; x_wconf 84' lang='lat' dir='ltr'><strong>uo,</strong></span> 
     </span>
     <span class='ocr_line' id='line_1_19' title="bbox 39 2388 1183 2476; baseline 0.003 -25"><span class='ocrx_word' id='word_1_153' title='bbox 39 2389 90 2467; x_wconf 81' lang='lat' dir='ltr'><strong>udi,</strong></span> <span class='ocrx_word' id='word_1_154' title='bbox 104 2390 143 2468; x_wconf 80' lang='lat' dir='ltr'><strong>in,</strong></span> <span class='ocrx_word' id='word_1_155' title='bbox 160 2413 261 2456; x_wconf 86' lang='lat' dir='ltr'><strong>unam</strong></span> <span class='ocrx_word' id='word_1_156' title='bbox 284 2403 412 2456; x_wconf 85' lang='lat' dir='ltr'><strong>tantum</strong></span> <span class='ocrx_word' id='word_1_157' title='bbox 428 2391 583 2476; x_wconf 80' lang='lat' dir='ltr'><strong>syllabam</strong></span> <span class='ocrx_word' id='word_1_158' title='bbox 598 2388 750 2454; x_wconf 81' lang='lat' dir='ltr'><strong>sistant*</strong></span> <span class='ocrx_word' id='word_1_159' title='bbox 779 2389 973 2456; x_wconf 82' lang='lat' dir='ltr'><strong>Assonantia</strong></span> <span class='ocrx_word' id='word_1_160' title='bbox 988 2391 1093 2454; x_wconf 88' lang='lat' dir='ltr'><strong>finalis</strong></span> <span class='ocrx_word' id='word_1_161' title='bbox 1109 2414 1183 2455; x_wconf 87' lang='lat' dir='ltr'><strong>con-</strong></span> 
     </span>
     <span class='ocr_line' id='line_1_20' title="bbox 38 2493 1181 2582; baseline 0.004 -26"><span class='ocrx_word' id='word_1_162' title='bbox 38 2497 163 2578; x_wconf 82' lang='lat' dir='ltr'><strong>traposita</strong></span> <span class='ocrx_word' id='word_1_163' title='bbox 177 2498 313 2562; x_wconf 88' lang='lat' dir='ltr'><strong>dimidia</strong></span> <span class='ocrx_word' id='word_1_164' title='bbox 327 2511 376 2562; x_wconf 87' lang='lat' dir='ltr'><strong>est</strong></span> <span class='ocrx_word' id='word_1_165' title='bbox 390 2498 425 2561; x_wconf 91' lang='lat' dir='ltr'><strong>in</strong></span> <span class='ocrx_word' id='word_1_166' title='bbox 441 2509 575 2582; x_wconf 88' lang='lat' dir='ltr'><strong>utroquo</strong></span> <span class='ocrx_word' id='word_1_167' title='bbox 591 2519 695 2574; x_wconf 89' lang='lat' dir='ltr'><strong>versu,</strong></span> <span class='ocrx_word' id='word_1_168' title='bbox 712 2496 865 2581; x_wconf 86' lang='lat' dir='ltr'><strong>imprimo</strong></span> <span class='ocrx_word' id='word_1_169' title='bbox 881 2493 915 2560; x_wconf 91' lang='lat' dir='ltr'><strong>in</strong></span> <span class='ocrx_word' id='word_1_170' title='bbox 931 2495 1035 2574; x_wconf 73' lang='lat' dir='ltr'><strong>nocte,</strong></span> <span class='ocrx_word' id='word_1_171' title='bbox 1044 2497 1126 2582; x_wconf 81' lang='lat' dir='ltr'><strong>solt,</strong></span> <span class='ocrx_word' id='word_1_172' title='bbox 1146 2497 1181 2561; x_wconf 92' lang='lat' dir='ltr'><strong>in</strong></span> 
     </span>
     <span class='ocr_line' id='line_1_21' title="bbox 38 2601 1178 2682; baseline 0.002 -18"><span class='ocrx_word' id='word_1_173' title='bbox 38 2605 151 2666; x_wconf 88' lang='lat' dir='ltr'><strong>secundo</strong></span> <span class='ocrx_word' id='word_1_174' title='bbox 166 2605 199 2668; x_wconf 92' lang='lat' dir='ltr'><strong>in</strong></span> <span class='ocrx_word' id='word_1_175' title='bbox 214 2604 318 2682; x_wconf 78' lang='lat' dir='ltr'><strong>mino,</strong></span> <span class='ocrx_word' id='word_1_176' title='bbox 334 2604 424 2680; x_wconf 56' lang='lat' dir='ltr'><strong>lind·</strong></span> <span class='ocrx_word' id='word_1_177' title='bbox 441 2604 575 2668; x_wconf 91' lang='lat' dir='ltr'><strong>initialis</strong></span> <span class='ocrx_word' id='word_1_178' title='bbox 591 2603 775 2668; x_wconf 85' lang='lat' dir='ltr'><strong>assonantia</strong></span> <span class='ocrx_word' id='word_1_179' title='bbox 786 2601 850 2666; x_wconf 84' lang='lat' dir='ltr'><strong>fere</strong></span> <span class='ocrx_word' id='word_1_180' title='bbox 862 2601 1035 2666; x_wconf 86' lang='lat' dir='ltr'><strong>cumulata.</strong></span> <span class='ocrx_word' id='word_1_181' title='bbox 1062 2605 1178 2668; x_wconf 88' lang='lat' dir='ltr'><strong>Porro:</strong></span> 
     </span>
    </p>
   </div>
   <div class='ocr_carea' id='block_1_7' title="bbox 37 2741 1186 2926">
    <p class='ocr_par' dir='ltr' id='par_1_8' title="bbox 37 2741 1186 2926">
     <span class='ocr_line' id='line_1_22' title="bbox 37 2741 1186 2830; baseline 0.003 -28"><span class='ocrx_word' id='word_1_182' title='bbox 37 2742 207 2824; x_wconf 72' lang='lat' dir='ltr'><strong>Domlsnrcaa&#39;</strong></span> <span class='ocrx_word' id='word_1_183' title='bbox 224 2750 230 2826; x_wconf 89' lang='grc' dir='ltr'>Ι</span> <span class='ocrx_word' id='word_1_184' title='bbox 241 2749 385 2828; x_wconf 80' lang='lat' dir='ltr'><strong>fiddac&#39;doe</strong></span> <span class='ocrx_word' id='word_1_185' title='bbox 404 2747 410 2826; x_wconf 88' lang='grc' dir='ltr'>Ι</span> <span class='ocrx_word' id='word_1_186' title='bbox 421 2747 487 2827; x_wconf 76' lang='lat' dir='ltr'><strong>sa&#39;el</strong></span> <span class='ocrx_word' id='word_1_187' title='bbox 503 2749 509 2824; x_wconf 97' lang='grc' dir='ltr'>Ι</span> <span class='ocrx_word' id='word_1_188' title='bbox 519 2741 701 2830; x_wconf 69' lang='lat' dir='ltr'><strong>smncdainll</strong></span> <span class='ocrx_word' id='word_1_189' title='bbox 724 2744 831 2828; x_wconf 75' lang='grc' dir='ltr'><strong>ΙὶόίᾶΙ</strong></span> <span class='ocrx_word' id='word_1_190' title='bbox 851 2747 914 2806; x_wconf 78' lang='lat' dir='ltr'><strong>luia</strong></span> <span class='ocrx_word' id='word_1_191' title='bbox 933 2748 938 2824; x_wconf 99' lang='grc' dir='ltr'>Ι</span> <span class='ocrx_word' id='word_1_192' title='bbox 959 2748 1029 2806; x_wconf 76' lang='lat' dir='ltr'><strong>lund</strong></span> <span class='ocrx_word' id='word_1_193' title='bbox 1055 2748 1115 2806; x_wconf 72' lang='lat' dir='ltr'><strong>aad</strong></span> <span class='ocrx_word' id='word_1_194' title='bbox 1140 2749 1186 2806; x_wconf 67' lang='lat'><strong>061</strong></span> 
     </span>
     <span class='ocr_line' id='line_1_23' title="bbox 746 2851 1021 2926; baseline 0 -18"><span class='ocrx_word' id='word_1_195' title='bbox 746 2851 818 2908; x_wconf 77' lang='lat' dir='ltr'><strong>haas</strong></span> <span class='ocrx_word' id='word_1_196' title='bbox 833 2871 879 2908; x_wconf 88' lang='lat' dir='ltr'><strong>mo</strong></span> <span class='ocrx_word' id='word_1_197' title='bbox 897 2851 903 2926; x_wconf 97' lang='grc' dir='ltr'>Ι</span> <span class='ocrx_word' id='word_1_198' title='bbox 924 2851 1021 2908; x_wconf 68' lang='lat' dir='ltr'><strong>letrau</strong></span> 
     </span>
    </p>
   </div>
   <div class='ocr_carea' id='block_1_8' title="bbox 36 2947 1182 3132">
    <p class='ocr_par' dir='ltr' id='par_1_9' title="bbox 36 2947 1182 3132">
     <span class='ocr_line' id='line_1_24' title="bbox 36 2947 1182 3034; baseline -0.001 -22"><span class='ocrx_word' id='word_1_199' title='bbox 36 2949 158 3012; x_wconf 69' lang='lat' dir='ltr'><strong>t&#39;ndlr&#39;aech</strong></span> <span class='ocrx_word' id='word_1_200' title='bbox 171 2953 332 3033; x_wconf 79' lang='lat' dir='ltr'><strong>smncdnc&#39;n</strong></span> <span class='ocrx_word' id='word_1_201' title='bbox 353 2953 462 3013; x_wconf 76' lang='lat' dir='ltr'><strong>trirech</strong></span> <span class='ocrx_word' id='word_1_202' title='bbox 483 2952 552 3011; x_wconf 79' lang='lat' dir='ltr'><strong>inno</strong></span> <span class='ocrx_word' id='word_1_203' title='bbox 567 2955 637 3012; x_wconf 67' lang='grc' dir='ltr'><strong>ήδη.</strong></span> <span class='ocrx_word' id='word_1_204' title='bbox 657 2947 667 3034; x_wconf 97' lang='grc' dir='ltr'><strong>ΙΙ</strong></span> <span class='ocrx_word' id='word_1_205' title='bbox 692 2948 839 3034; x_wconf 71' lang='lat' dir='ltr'><strong>lmoraa&#39;tlt</strong></span> <span class='ocrx_word' id='word_1_206' title='bbox 860 2973 935 3010; x_wconf 81' lang='lat' dir='ltr'><strong>ceree</strong></span> <span class='ocrx_word' id='word_1_207' title='bbox 956 2953 1017 3010; x_wconf 77' lang='lat' dir='ltr'><strong>odiu</strong></span> <span class='ocrx_word' id='word_1_208' title='bbox 1036 2953 1042 3030; x_wconf 99' lang='grc' dir='ltr'>Ι</span> <span class='ocrx_word' id='word_1_209' title='bbox 1061 2953 1182 3012; x_wconf 77' lang='lat' dir='ltr'><strong>nsnrddn</strong></span> 
     </span>
     <span class='ocr_line' id='line_1_25' title="bbox 745 3055 1065 3132; baseline 0 -20"><span class='ocrx_word' id='word_1_210' title='bbox 745 3055 874 3112; x_wconf 81' lang='lat' dir='ltr'><strong>aithncn</strong></span> <span class='ocrx_word' id='word_1_211' title='bbox 893 3055 898 3132; x_wconf 96' lang='grc' dir='ltr'>Ι</span> <span class='ocrx_word' id='word_1_212' title='bbox 916 3055 1065 3112; x_wconf 75' lang='lat' dir='ltr'><strong>mdelctdn.</strong></span> 
     </span>
    </p>
   </div>
   <div class='ocr_carea' id='block_1_9' title="bbox 27 3189 1181 3913">
    <p class='ocr_par' dir='ltr' id='par_1_10' title="bbox 27 3189 1181 3913">
     <span class='ocr_line' id='line_1_26' title="bbox 99 3189 1181 3275; baseline -0.002 -19"><span class='ocrx_word' id='word_1_213' title='bbox 99 3191 168 3257; x_wconf 87' lang='lat' dir='ltr'><strong>Duo</strong></span> <span class='ocrx_word' id='word_1_214' title='bbox 187 3193 270 3258; x_wconf 88' lang='lat' dir='ltr'><strong>item</strong></span> <span class='ocrx_word' id='word_1_215' title='bbox 289 3213 399 3256; x_wconf 87' lang='lat' dir='ltr'><strong>versus</strong></span> <span class='ocrx_word' id='word_1_216' title='bbox 420 3213 495 3256; x_wconf 89' lang='lat' dir='ltr'><strong>cum</strong></span> <span class='ocrx_word' id='word_1_217' title='bbox 513 3213 628 3256; x_wconf 85' lang='lat' dir='ltr'><strong>novem</strong></span> <span class='ocrx_word' id='word_1_218' title='bbox 651 3190 781 3275; x_wconf 90' lang='lat' dir='ltr'><strong>syllabis</strong></span> <span class='ocrx_word' id='word_1_219' title='bbox 804 3189 838 3252; x_wconf 91' lang='lat' dir='ltr'><strong>in</strong></span> <span class='ocrx_word' id='word_1_220' title='bbox 859 3189 1025 3266; x_wconf 84' lang='lat' dir='ltr'><strong>membris,</strong></span> <span class='ocrx_word' id='word_1_221' title='bbox 1049 3201 1181 3274; x_wconf 82' lang='lat' dir='ltr'><strong>excepto</strong></span> 
     </span>
     <span class='ocr_line' id='line_1_27' title="bbox 33 3297 1180 3384; baseline -0.003 -21"><span class='ocrx_word' id='word_1_222' title='bbox 33 3307 177 3378; x_wconf 75' lang='lat' dir='ltr'><strong>postremo,</strong></span> <span class='ocrx_word' id='word_1_223' title='bbox 195 3300 285 3384; x_wconf 91' lang='lat' dir='ltr'><strong>quod</strong></span> <span class='ocrx_word' id='word_1_224' title='bbox 304 3297 429 3362; x_wconf 87' lang='lat' dir='ltr'><strong>excedit</strong></span> <span class='ocrx_word' id='word_1_225' title='bbox 444 3298 531 3362; x_wconf 85' lang='lat' dir='ltr'><strong>hunc</strong></span> <span class='ocrx_word' id='word_1_226' title='bbox 546 3319 727 3360; x_wconf 87' lang='lat' dir='ltr'><strong>numerum.</strong></span> <span class='ocrx_word' id='word_1_227' title='bbox 760 3297 802 3360; x_wconf 90' lang='lat' dir='ltr'><strong>In</strong></span> <span class='ocrx_word' id='word_1_228' title='bbox 817 3297 1023 3360; x_wconf 87' lang='lat' dir='ltr'><strong>antecedente</strong></span> <span class='ocrx_word' id='word_1_229' title='bbox 1038 3297 1180 3360; x_wconf 86' lang='lat' dir='ltr'><strong>membro</strong></span> 
     </span>
     <span class='ocr_line' id='line_1_28' title="bbox 32 3398 1179 3486; baseline -0.001 -19"><span class='ocrx_word' id='word_1_230' title='bbox 32 3398 149 3481; x_wconf 76' lang='lat' dir='ltr'><strong>ejusdem</strong></span> <span class='ocrx_word' id='word_1_231' title='bbox 170 3427 284 3470; x_wconf 86' lang='lat' dir='ltr'><strong>versus</strong></span> <span class='ocrx_word' id='word_1_232' title='bbox 306 3404 459 3468; x_wconf 89' lang='lat' dir='ltr'><strong>articulus</strong></span> <span class='ocrx_word' id='word_1_233' title='bbox 476 3404 554 3468; x_wconf 77' lang='lat' dir='ltr'><strong>inno</strong></span> <span class='ocrx_word' id='word_1_234' title='bbox 569 3414 617 3467; x_wconf 86' lang='lat' dir='ltr'><strong>est</strong></span> <span class='ocrx_word' id='word_1_235' title='bbox 631 3404 700 3468; x_wconf 88' lang='lat' dir='ltr'><strong>loeo</strong></span> <span class='ocrx_word' id='word_1_236' title='bbox 715 3403 812 3466; x_wconf 89' lang='lat' dir='ltr'><strong>unius</strong></span> <span class='ocrx_word' id='word_1_237' title='bbox 828 3402 967 3486; x_wconf 88' lang='lat' dir='ltr'><strong>syllabae</strong></span> <span class='ocrx_word' id='word_1_238' title='bbox 982 3401 1113 3466; x_wconf 87' lang='lat' dir='ltr'><strong>minoris</strong></span> <span class='ocrx_word' id='word_1_239' title='bbox 1129 3425 1179 3466; x_wconf 87' lang='lat' dir='ltr'><strong>ac-</strong></span> 
     </span>
     <span class='ocr_line' id='line_1_29' title="bbox 31 3507 1179 3594; baseline 0.002 -24"><span class='ocrx_word' id='word_1_240' title='bbox 31 3521 129 3574; x_wconf 83' lang='lat' dir='ltr'><strong>centus.</strong></span> <span class='ocrx_word' id='word_1_241' title='bbox 159 3512 358 3576; x_wconf 83' lang='lat' dir='ltr'><strong>Assonantr&#39;a</strong></span> <span class='ocrx_word' id='word_1_242' title='bbox 378 3510 483 3574; x_wconf 84' lang='lat' dir='ltr'><strong>finalis</strong></span> <span class='ocrx_word' id='word_1_243' title='bbox 505 3509 685 3594; x_wconf 83' lang='lat' dir='ltr'><strong>copulativa</strong></span> <span class='ocrx_word' id='word_1_244' title='bbox 701 3509 821 3592; x_wconf 81' lang='lat' dir='ltr'><strong>duplex</strong></span> <span class='ocrx_word' id='word_1_245' title='bbox 836 3519 902 3584; x_wconf 89' lang='lat' dir='ltr'><strong>est;</strong></span> <span class='ocrx_word' id='word_1_246' title='bbox 920 3507 1052 3572; x_wconf 90' lang='lat' dir='ltr'><strong>initialis</strong></span> <span class='ocrx_word' id='word_1_247' title='bbox 1067 3531 1179 3572; x_wconf 88' lang='lat' dir='ltr'><strong>cumu-</strong></span> 
     </span>
     <span class='ocr_line' id='line_1_30' title="bbox 30 3609 1177 3704; baseline 0.004 -30"><span class='ocrx_word' id='word_1_248' title='bbox 30 3609 79 3677; x_wconf 86' lang='lat' dir='ltr'><strong>lata</strong></span> <span class='ocrx_word' id='word_1_249' title='bbox 96 3615 128 3680; x_wconf 90' lang='lat' dir='ltr'><strong>in</strong></span> <span class='ocrx_word' id='word_1_250' title='bbox 147 3619 253 3704; x_wconf 90' lang='lat' dir='ltr'><strong>primo</strong></span> <span class='ocrx_word' id='word_1_251' title='bbox 270 3639 375 3700; x_wconf 76' lang='lat' dir='ltr'><strong>versu,</strong></span> <span class='ocrx_word' id='word_1_252' title='bbox 393 3617 428 3680; x_wconf 89' lang='lat' dir='ltr'><strong>in</strong></span> <span class='ocrx_word' id='word_1_253' title='bbox 443 3618 583 3681; x_wconf 88' lang='lat' dir='ltr'><strong>secundo</strong></span> <span class='ocrx_word' id='word_1_254' title='bbox 597 3613 728 3679; x_wconf 85' lang='lat' dir='ltr'><strong>nonnisi</strong></span> <span class='ocrx_word' id='word_1_255' title='bbox 742 3615 920 3678; x_wconf 86' lang='lat' dir='ltr'><strong>secundum</strong></span> <span class='ocrx_word' id='word_1_256' title='bbox 934 3616 1112 3678; x_wconf 90' lang='lat' dir='ltr'><strong>membrum</strong></span> <span class='ocrx_word' id='word_1_257' title='bbox 1127 3639 1177 3679; x_wconf 89' lang='lat' dir='ltr'><strong>oc-</strong></span> 
     </span>
     <span class='ocr_line' id='line_1_31' title="bbox 29 3719 1177 3807; baseline 0.001 -23"><span class='ocrx_word' id='word_1_258' title='bbox 29 3735 115 3802; x_wconf 80' lang='lat' dir='ltr'><strong>cupat,</strong></span> <span class='ocrx_word' id='word_1_259' title='bbox 128 3725 206 3788; x_wconf 90' lang='lat' dir='ltr'><strong>dum</strong></span> <span class='ocrx_word' id='word_1_260' title='bbox 221 3725 258 3788; x_wconf 86' lang='lat' dir='ltr'><strong>in</strong></span> <span class='ocrx_word' id='word_1_261' title='bbox 273 3723 370 3807; x_wconf 91' lang='lat' dir='ltr'><strong>priori</strong></span> <span class='ocrx_word' id='word_1_262' title='bbox 385 3722 548 3786; x_wconf 88' lang='lat' dir='ltr'><strong>invenitur</strong></span> <span class='ocrx_word' id='word_1_263' title='bbox 563 3720 746 3786; x_wconf 85' lang='lat' dir='ltr'><strong>assonnntia</strong></span> <span class='ocrx_word' id='word_1_264' title='bbox 759 3720 908 3784; x_wconf 86' lang='lat' dir='ltr'><strong>desinens</strong></span> <span class='ocrx_word' id='word_1_265' title='bbox 923 3719 1063 3784; x_wconf 86' lang='lat' dir='ltr'><strong>lateralis</strong></span> <span class='ocrx_word' id='word_1_266' title='bbox 1077 3721 1112 3784; x_wconf 92' lang='lat' dir='ltr'><strong>in</strong></span> <span class='ocrx_word' id='word_1_267' title='bbox 1123 3743 1177 3785; x_wconf 80' lang='lat' dir='ltr'><strong>vo·</strong></span> 
     </span>
     <span class='ocr_line' id='line_1_32' title="bbox 27 3823 1061 3913; baseline 0.002 -27"><span class='ocrx_word' id='word_1_268' title='bbox 27 3823 98 3890; x_wconf 81' lang='lat' dir='ltr'><strong>obus</strong></span> <span class='ocrx_word' id='word_1_269' title='bbox 111 3829 225 3908; x_wconf 69' lang='lat' dir='ltr'><strong>lineola,</strong></span> <span class='ocrx_word' id='word_1_270' title='bbox 245 3829 374 3894; x_wconf 79' lang='lat' dir='ltr'><strong>trc&#39;recd.</strong></span> <span class='ocrx_word' id='word_1_271' title='bbox 407 3831 458 3893; x_wconf 87' lang='lat' dir='ltr'><strong>Ex</strong></span> <span class='ocrx_word' id='word_1_272' title='bbox 473 3829 512 3892; x_wconf 89' lang='lat' dir='ltr'><strong>iis</strong></span> <span class='ocrx_word' id='word_1_273' title='bbox 528 3851 609 3913; x_wconf 90' lang='lat' dir='ltr'><strong>quae</strong></span> <span class='ocrx_word' id='word_1_274' title='bbox 623 3838 802 3911; x_wconf 87' lang='lat' dir='ltr'><strong>sequuntur</strong></span> <span class='ocrx_word' id='word_1_275' title='bbox 815 3825 921 3910; x_wconf 89' lang='lat' dir='ltr'><strong>prodit</strong></span> <span class='ocrx_word' id='word_1_276' title='bbox 936 3847 1061 3890; x_wconf 88' lang='lat' dir='ltr'><strong>versus:</strong></span> 
     </span>
    </p>
   </div>
   <div class='ocr_carea' id='block_1_10' title="bbox 25 3967 1172 4056">
    <p class='ocr_par' dir='ltr' id='par_1_11' title="bbox 25 3967 1172 4056">
     <span class='ocr_line' id='line_1_33' title="bbox 25 3967 1172 4056; baseline -0.004 -26"><span class='ocrx_word' id='word_1_277' title='bbox 25 3967 165 4032; x_wconf 67' lang='lat' dir='ltr'><strong>Panchaia</strong></span> <span class='ocrx_word' id='word_1_278' title='bbox 180 3975 229 4033; x_wconf 78' lang='lat' dir='ltr'><strong>cda&#39;</strong></span> <span class='ocrx_word' id='word_1_279' title='bbox 245 3971 249 4056; x_wconf 97' lang='grc' dir='ltr'>Ι</span> <span class='ocrx_word' id='word_1_280' title='bbox 266 3993 349 4032; x_wconf 82' lang='lat' dir='ltr'><strong>menn</strong></span> <span class='ocrx_word' id='word_1_281' title='bbox 366 3967 370 4056; x_wconf 99' lang='grc' dir='ltr'>Ι</span> <span class='ocrx_word' id='word_1_282' title='bbox 386 3973 497 4032; x_wconf 77' lang='lat' dir='ltr'><strong>medair</strong></span> <span class='ocrx_word' id='word_1_283' title='bbox 513 3967 607 4053; x_wconf 71' lang='lat' dir='ltr'><strong>lmass</strong></span> <span class='ocrx_word' id='word_1_284' title='bbox 624 3967 634 4054; x_wconf 92' lang='grc' dir='ltr'>Ι</span> <span class='ocrx_word' id='word_1_285' title='bbox 651 3971 777 4029; x_wconf 77' lang='lat' dir='ltr'><strong>himbrot</strong></span> <span class='ocrx_word' id='word_1_286' title='bbox 785 3971 868 4047; x_wconf 76' lang='lat' dir='ltr'><strong>ylass</strong></span> <span class='ocrx_word' id='word_1_287' title='bbox 880 3971 913 4028; x_wconf 74' lang='lat' dir='ltr'><strong>de</strong></span> <span class='ocrx_word' id='word_1_288' title='bbox 924 3967 1080 4046; x_wconf 71' lang='lat' dir='ltr'><strong>dindymid</strong></span> <span class='ocrx_word' id='word_1_289' title='bbox 1092 3967 1172 4026; x_wconf 82' lang='lat' dir='ltr'><strong>closo.</strong></span> 
     </span>
    </p>
   </div>
   <div class='ocr_carea' id='block_1_11' title="bbox 94 4102 1173 4194">
    <p class='ocr_par' dir='ltr' id='par_1_12' title="bbox 94 4102 1173 4194">
     <span class='ocr_line' id='line_1_34' title="bbox 94 4102 1173 4194; baseline -0.006 -22"><span class='ocrx_word' id='word_1_290' title='bbox 94 4107 176 4174; x_wconf 88' lang='lat' dir='ltr'><strong>Sunt</strong></span> <span class='ocrx_word' id='word_1_291' title='bbox 197 4109 340 4194; x_wconf 87' lang='lat' dir='ltr'><strong>syllabae</strong></span> <span class='ocrx_word' id='word_1_292' title='bbox 360 4120 482 4194; x_wconf 82' lang='lat' dir='ltr'><strong>septem</strong></span> <span class='ocrx_word' id='word_1_293' title='bbox 503 4106 642 4191; x_wconf 85' lang='lat' dir='ltr'><strong>cujusvis</strong></span> <span class='ocrx_word' id='word_1_294' title='bbox 657 4105 802 4172; x_wconf 91' lang='lat' dir='ltr'><strong>membri.</strong></span> <span class='ocrx_word' id='word_1_295' title='bbox 833 4104 1027 4169; x_wconf 87' lang='lat' dir='ltr'><strong>Assonantia</strong></span> <span class='ocrx_word' id='word_1_296' title='bbox 1041 4102 1173 4166; x_wconf 88' lang='lat' dir='ltr'><strong>initialis</strong></span> 
     </span>
    </p>
   </div>
   <div class='ocr_carea' id='block_1_12' title="bbox 78 4369 1172 4447">
    <p class='ocr_par' dir='ltr' id='par_1_13' title="bbox 78 4369 1172 4447">
     <span class='ocr_line' id='line_1_35' title="bbox 78 4369 1172 4447; baseline -0.008 -17"><span class='ocrx_word' id='word_1_297' title='bbox 78 4375 89 4400; x_wconf 83' lang='lat'>&#39;</span> <span class='ocrx_word' id='word_1_298' title='bbox 105 4375 166 4430; x_wconf 87' lang='lat' dir='ltr'><strong>Hoc</strong></span> <span class='ocrx_word' id='word_1_299' title='bbox 184 4393 237 4447; x_wconf 91' lang='lat' dir='ltr'><strong>pro</strong></span> <span class='ocrx_word' id='word_1_300' title='bbox 248 4374 344 4446; x_wconf 86' lang='lat' dir='ltr'><strong>regula</strong></span> <span class='ocrx_word' id='word_1_301' title='bbox 356 4382 406 4428; x_wconf 89' lang='lat' dir='ltr'><strong>est.</strong></span> <span class='ocrx_word' id='word_1_302' title='bbox 431 4373 573 4428; x_wconf 82' lang='lat' dir='ltr'><strong>Invenitur</strong></span> <span class='ocrx_word' id='word_1_303' title='bbox 586 4381 676 4428; x_wconf 83' lang='lat' dir='ltr'><strong>tamen</strong></span> <span class='ocrx_word' id='word_1_304' title='bbox 688 4373 769 4428; x_wconf 87' lang='lat' dir='ltr'><strong>etiam</strong></span> <span class='ocrx_word' id='word_1_305' title='bbox 782 4369 956 4434; x_wconf 87' lang='lat' dir='ltr'><strong>eontrarium,</strong></span> <span class='ocrx_word' id='word_1_306' title='bbox 971 4387 995 4423; x_wconf 90' lang='lat' dir='ltr'><strong>e.</strong></span> <span class='ocrx_word' id='word_1_307' title='bbox 1009 4388 1051 4442; x_wconf 89' lang='lat' dir='ltr'><strong>gr.</strong></span> <span class='ocrx_word' id='word_1_308' title='bbox 1067 4369 1172 4422; x_wconf 78' lang='lat' dir='ltr'><strong>blindan</strong></span> 
     </span>
    </p>
   </div>
   <div class='ocr_carea' id='block_1_13' title="bbox 23 4452 964 4608">
    <p class='ocr_par' dir='ltr' id='par_1_14' title="bbox 23 4452 964 4608">
     <span class='ocr_line' id='line_1_36' title="bbox 23 4452 626 4531; baseline -0.012 -13"><span class='ocrx_word' id='word_1_309' title='bbox 23 4452 115 4530; x_wconf 67' lang='lat' dir='ltr'><strong>(muns)</strong></span> <span class='ocrx_word' id='word_1_310' title='bbox 128 4461 210 4514; x_wconf 83' lang='lat' dir='ltr'><strong>trium</strong></span> <span class='ocrx_word' id='word_1_311' title='bbox 223 4460 388 4531; x_wconf 88' lang='lat' dir='ltr'><strong>syllabarum</strong></span> <span class='ocrx_word' id='word_1_312' title='bbox 400 4460 489 4514; x_wconf 90' lang='lat' dir='ltr'><strong>locum</strong></span> <span class='ocrx_word' id='word_1_313' title='bbox 502 4459 626 4530; x_wconf 88' lang='lat' dir='ltr'><strong>implens.</strong></span> 
     </span>
     <span class='ocr_line' id='line_1_37' title="bbox 62 4545 964 4608; baseline -0.007 -14"><span class='ocrx_word' id='word_1_314' title='bbox 62 4555 120 4597; x_wconf 85' lang='lat' dir='ltr'><strong>von.</strong></span> <span class='ocrx_word' id='word_1_315' title='bbox 134 4545 172 4597; x_wconf 88' lang='lat'><strong>11.</strong></span> <span class='ocrx_word' id='word_1_316' title='bbox 925 4551 964 4608; x_wconf 77' lang='lat'><strong>59</strong></span> 
     </span>
    </p>
   </div>
   <div class='ocr_carea' id='block_1_14' title="bbox 0 0 1494 5054">
    <p class='ocr_par' dir='ltr' id='par_1_15' title="bbox 0 0 1494 5054">
     <span class='ocr_line' id='line_1_38' title="bbox 0 0 1494 5054; baseline 0 7"><span class='ocrx_word' id='word_1_317' title='bbox 0 0 1494 5054; x_wconf 95' lang='lat' dir='ltr'><strong> </strong></span> 
     </span>
    </p>
   </div>
  </div>
 </body>
</html>
