2978 5054
229 409 289 474 Vl.
310 415 338 470 t.
371 425 594 472 consanncrro
609 423 754 469 nonnus
771 423 980 468 sarmnrucr.
1128 401 1190 463 907

50 579 110 644 licet
124 597 190 642 cum
205 578 423 655 substantivis,
440 588 479 642 ιιι
493 576 638 662 exempla
648 573 718 660 jam
732 597 828 660 supra
843 575 967 658 prolata
981 575 1027 656 (p.
1048 577 1123 654 862)
1139 573 1192 634 de·

49 696 212 748 monstrant.
251 687 365 768 Itaque
391 683 577 768 compositio
603 694 651 747 est
672 683 858 758 statuenda,
883 679 1027 763 quamvis
1048 689 1192 762 separata

48 789 205 854 inveniatur
226 791 367 874 scriptio,
393 813 421 853 c.
440 811 487 874 gr.
507 789 541 852 in
564 789 677 872 glossis
698 789 825 852 Orion:
850 807 870 851 α
892 787 976 851 mein
988 784 1112 869 fusion
1131 783 1189 866 (gl.

48 895 127 959 vittae
141 909 267 973 tenues;
293 897 355 980 adj.
375 897 450 959 hod.
469 895 567 972 main,
584 896 669 979 plur.
687 893 850 976 maalon),
869 913 890 956 a
905 891 958 955 dtr
973 901 1051 954 etem
1067 889 1125 973 (gl.
1143 889 1191 952 in·

47 1003 106 1064 stila
119 1001 233 1086 longa).
267 1003 434 1066 Interdum
451 1011 557 1064 tamen
572 1001 607 1064 in
622 1000 778 1085 positione
792 999 937 1062 absoluta
956 997 1052 1062 etiam
1068 1005 1192 1060 anteco·

46 1107 104 1170 dere
116 1129 201 1193 posse
215 1109 419 1192 adjectivum,
439 1107 586 1190 colligere
601 1107 676 1169 licet
690 1127 730 1168 ex
745 1106 858 1168 iisdem
872 1103 1001 1188 glossis:
1020 1100 1196 1166 creaticaul

40 1214 120 1294 plant
138 1215 192 1298 (gl.
210 1214 347 1298 genimis
367 1214 485 1296 praeda
506 1213 645 1295 puellae)
654 1259 664 1288 ,
687 1211 739 1275 dir
754 1209 957 1293 arpetetict'on
974 1209 1111 1272 ccintiru
1131 1207 1189 1290 (gl.

44 1318 146 1382 mnam
165 1319 394 1404 patruelibus),
420 1319 455 1380 ni
475 1319 580 1382 forsan
603 1318 739 1380 nimium
760 1316 864 1380 ordini
884 1314 1057 1378 latinarum
1078 1333 1193 1375 vocum

43 1424 165 1488 adhaesit
185 1426 354 1508 glossator,
373 1434 405 1486 ct
423 1447 440 1486 e
455 1425 544 1487 Mab.
565 1429 594 1501 2,
615 1431 665 1486 31.
686 1429 717 1499 3,
736 1429 814 1484 304:
840 1421 1047 1505 amtyuoelon
1059 1420 1190 1503 yades,

42 1531 252 1615 cmmuaclyon
272 1531 391 1614 perdes
407 1529 499 1611 (varii
518 1531 660 1611 cantus),
672 1527 769 1613 juxta
785 1535 814 1606 2,
836 1535 869 1590 31
886 1549 893 1589 :
918 1525 1089 1612 amryuoel
1099 1545 1192 1587 arrre-

40 1655 108 1718 pyon
121 1636 219 1716 (varia
235 1639 345 1718 donc).
416 1703 421 1711 ,

110 1743 310 1806 Precoedunt
325 1742 422 1805 etiam
437 1742 673 1806 substantivum
688 1739 842 1825 adjectiva
857 1739 1089 1825 pronominalis
1100 1738 1189 1816 neill,

40 1843 114 1923 teia,
137 1869 275 1930 quorum
296 1847 429 1910 fortasse
450 1847 637 1933 compositio
659 1849 829 1911 statuenda
850 1857 898 1910 est
920 1849 966 1931 (p.
987 1850 1081 1929 405),
1099 1867 1193 1929 paup

38 1953 163 2034 (quiris),
182 1977 245 2037 nep
262 1954 416 2036 (aliquis).
449 1957 533 2018 Cum
554 1953 717 2016 communi
739 1951 966 2036 adjectivorum
985 1953 1096 2036 regula
1117 1973 1192 2015 con·

37 2057 151 2122 tardant
169 2069 280 2123 tamen
295 2061 385 2123 orall
398 2059 519 2142 (alius),
538 2061 585 2124 ott
597 2061 740 2141 (omnis),
760 2079 841 2143 quae
856 2071 1104 2143 postponuntur.

107 2170 136 2226 2.
165 2167 248 2229 Post
269 2165 480 2242 substantiva,
504 2187 585 2248 quae
608 2179 787 2248 sequuntur
808 2167 973 2229 numerale
995 2161 1191 2248 11(p.‘aoa)

36 2266 75 2330 vel
94 2269 187 2333 etiam
210 2271 276 2334 alia
290 2272 467 2334 numeralia
481 2272 515 2334 in
534 2271 634 2334 forma
649 2269 774 2334 numeri
788 2270 969 2354 singularis,
988 2269 1143 2354 adjectiva
1158 2271 1192 2334 in

33 2371 119 2438 forma
132 2377 270 2460 pluralis
286 2389 456 2460 apparent:
476 2379 536 2440 deu
551 2399 630 2440 caen
644 2377 847 2461 rudqocdyon
859 2379 937 2459 (duo
952 2377 1074 2460 lapides
1089 2377 1191 2459 rubri)

7 2483 8 2488 ’
34 2483 62 2558 2,
85 2487 155 2546 386.
180 2485 245 2548 deu
271 2483 399 2568 vackwy
423 2483 566 2548 wineuon
588 2483 709 2546 teuciac
731 2485 808 2564 (duo
828 2483 920 2566 pueri
941 2481 1023 2545 fusci
1041 2482 1191 2566 juvenes)

34 2593 58 2662 3,
74 2595 141 2652 285.
158 2588 280 2672 pedeir
294 2589 462 2652 meillonen
473 2609 653 2674 pwynnyon
669 2592 819 2672 (quatuor
839 2588 955 2652 trifolio
969 2587 1067 2669 alba),
1077 2588 1193 2671 pcdeir

30 2695 194 2776 petendord
214 2695 385 2780 melynyon
401 2699 552 2778 (quatuor
572 2693 689 2757 vexilla
702 2695 799 2776 flava)
819 2703 847 2772 t,
868 2701 918 2757 30.
939 2700 969 2771 2,
989 2699 1062 2756 218.

104 2807 133 2863 3.
159 2801 250 2865 Sunt
277 2811 387 2864 contra
411 2799 583 2884 adjectiva,
609 2823 690 2884 quae
714 2813 788 2884 post
806 2799 1043 2864 substantivum
1065 2799 1191 2861 numeri

29 2903 148 2986 pluralis
163 2907 303 2970 formam
318 2905 450 2988 pluralis
466 2907 596 2970 omnino
611 2927 678 2970 non
692 2907 844 2984 induunt,
859 2927 887 2970 a.
902 2929 949 2990 gr.
954 2955 963 2984 ,
978 2915 1102 2990 praeter
1116 2903 1190 2966 sim-
1258 2949 1262 2958 .

29 3009 110 3092 plicia
130 3013 303 3096 quasdam,
323 3022 359 3074 ut
373 3033 475 3075 mawr-
490 3014 665 3095 (magnus),
681 3023 727 3077 tec
742 3015 937 3095 (formosus),
956 3023 988 3075 et
1003 3009 1187 3093 composita,

28 3119 201 3196 praesertim
218 3117 362 3180 derivata
376 3117 412 3182 in
427 3117 481 3196 -ic,
501 3141 592 3195 -awc,
611 3120 690 3183 -awl
702 3123 797 3202 (quae
812 3139 880 3182 esse
894 3128 1035 3201 possent,
1055 3117 1081 3179 si
1096 3117 1190 3179 adde-

27 3223 223 3300 retardatio,
240 3223 351 3307 apion,
367 3245 491 3308 -oqyon,
507 3223 639 3308 otpolt),
654 3223 729 3302 -et'd,
745 3225 860 3308 quibus
873 3226 1028 3288 accedunt
1040 3222 1189 3286 termina·

26 3325 115 3391 tiones
126 3328 339 3414 gradationis.
369 3329 541 3412 Exempla:
557 3351 657 3393 araca
670 3339 815 3416 trymyon
828 3331 998 3393 estronowl
1007 3333 1108 3412 (orma
1118 3351 1189 3411 gra·

27 3429 68 3495 ria
81 3433 265 3519 peregrina)
279 3441 309 3511 2,
326 3441 399 3496 388.
419 3433 529 3519 llyqet't
542 3435 745 3521 rudpocdyon
757 3437 973 3522 pwennwynic
989 3436 1087 3519 (oculi
1101 3435 1190 3498 rubri

26 3541 160 3622 venetici)
178 3543 211 3618 2,
234 3545 307 3602 388.
334 3541 446 3625 llyqet't
465 3563 566 3604 mator
587 3541 739 3626 dolopeid
752 3543 851 3624 (oculi
872 3543 980 3627 magni
997 3541 1188 3627 accipitrini)

25 3645 50 3719 2,
64 3651 133 3708 385.
153 3647 286 3732 dynyon
302 3653 348 3710 tec
364 3647 512 3710 awclsam
527 3647 564 3710 m'
574 3647 647 3728 (viri
662 3649 791 3711 formosi
805 3671 884 3732 quos
900 3651 1052 3730 vidimus)
1066 3655 1096 3724 2,
1113 3653 1185 3710 203.

25 3749 203 3837 drapyryein
225 3773 317 3836 propr
346 3774 474 3816 aruawc
494 3752 633 3835 (clamor
654 3753 794 3816 virorum
816 3761 1031 3839 armatorum)
1055 3759 1091 3832 2,
1112 3761 1185 3817 388.

23 3855 129 3920 dcadec
145 3857 285 3921 brentlin
300 3857 471 3941 arhuqm'nt
485 3859 677 3922 ocrendt'ned
690 3881 852 3923 coroncwc
863 3861 1010 3944 (triginta
1025 3863 1088 3924 duo
1099 3881 1188 3942 reges

22 3964 169 4046 coronati)
188 3971 221 4040 3,
242 3970 315 4026 263.
340 3965 424 4028 mein
447 3965 653 4051 llywpchedic
665 3967 892 4051 qurtduowr,
912 3967 994 4030 mein
1010 3985 1189 4030 mowrwer-

21 4065 113 4131 dane
126 4070 339 4154 llywycdedic
351 4069 486 4154 (lapides
497 4069 649 4154 pollucidi
659 4073 768 4156 magni
779 4069 887 4156 pretii)
902 4080 932 4149 3,
948 4079 1020 4135 265.
1034 4071 1190 4156 pweisson

20 4171 151 4259 methas
160 4175 272 4259 (pueri
286 4176 540 4258 prudentissimi)
558 4184 587 4254 3,
608 4183 680 4241 274.
690 4179 789 4264 ffuon
805 4179 927 4264 coclaf
935 4181 1038 4260 (rosae
1052 4176 1190 4240 ruberri÷

19 4283 94 4361 mse)
108 4286 139 4358 2,
156 4287 235 4342 218.
251 4282 420 4364 quladoed
433 4283 541 4368 tectas
549 4305 570 4346 a
581 4285 777 4368 qwastuttaf
786 4285 942 4368 (regm'ones
956 4283 1187 4369 pulcherrimae

18 4394 45 4446 et
58 4385 283 4468 planissimae)
297 4394 329 4463 3,
345 4392 417 4451 264.
443 4389 609 4472 Adjectiva
622 4391 796 4473 composita
810 4391 1013 4474 persistentia
1027 4390 1062 4454 in
1077 4389 1188 4456 eadem

18 4489 110 4555 forma
139 4505 218 4576 post
240 4492 326 4555 idern
347 4495 601 4569 substantivum,
627 4497 692 4559 sive
714 4509 763 4559 est
785 4495 955 4580 singularis
973 4497 1099 4562 numeri
1122 4496 1190 4560 sivo
