2978 5054
282 367 345 428 879
445 367 487 430 V.
507 371 537 429 2.
573 385 771 431 conrnune
788 385 993 430 sumamus
1009 385 1284 432 eanrrcunsacn.

286 549 354 601 tae:
381 537 530 623 elymam
550 535 719 620 αίληιραν,
736 535 868 619 dicspat
882 535 1042 621 otkncqar
1058 537 1178 623 (plaga,
1196 538 1374 602 vociferatio
1390 539 1437 602 mi·

285 645 430 720 seranda,
447 643 621 720 immensa3
638 671 684 698 ιε
697 643 866 726 admon
884 646 1046 728 aucupor)
1059 645 1149 708 Mab.
1169 650 1199 721 2,
1216 651 1268 720 51.
1285 650 1336 722 58,
1352 645 1385 708 in
1397 646 1438 709 de

284 771 388 834 comp.
409 749 570 834 posttrist
584 747 770 830 (subtristis,
786 747 990 832 aliquantum
1005 748 1119 832 tristis)
1135 751 1226 815 Mab.
1245 757 1276 828 2,
1297 757 1348 828 23,
1360 752 1438 836 juxta

282 863 412 942 posteat
428 853 638 939 (senterius)
654 855 743 919 Mab.
763 859 793 932 3,
811 859 886 916 201.
919 855 1003 918 Item
1016 853 1162 918 hodiem.
1180 857 1299 941 athaes
1306 857 1437 940 (manno,

283 961 466 1046 possessio),
480 959 618 1046 atlsrofip
633 959 855 1042 (domesticus;
873 991 917 1016 ι-
931 961 1057 1026 hibern.
1071 962 1196 1038 αᾰένοό,
1209 985 1243 1046 p.
1258 969 1348 1046 838),
1360 964 1440 1047 juxta

285 1069 357 1132 adv.
376 1067 474 1151 ατη),
496 1067 600 1152 adres
608 1068 766 1148 (domum)
782 1067 872 1130 Mab.
893 1075 922 1144 1,
941 1073 994 1129 29.
1013 1071 1044 1144 2,
1064 1071 1138 1130 291.
1169 1069 1440 1132 Adnumerantlun

283 1174 335 1238 his
351 1183 399 1238 est
413 1175 515 1238 subst.
534 1195 623 1256 aper,
639 1172 715 1238 hodz
732 1173 809 1236 aber
824 1173 956 1255 (ostium
973 1172 1091 1255 fluvii),
1108 1183 1215 1238 ortum
1229 1197 1271 1238 ex
1286 1176 1391 1251 adher,
1403 1183 1441 1238 cl·

285 1281 339 1344 ber
354 1283 400 1364 (p.
422 1284 509 1362 189).
541 1279 657 1342 Forma
674 1279 837 1362 primitiva
850 1279 948 1343 etiam
963 1279 1057 1342 hodie
1072 1291 1217 1344 servatur
1231 1292 1298 1344 tam
1313 1293 1387 1344 ante
1399 1301 1441 1343 vo

283 1387 367 1450 cales
382 1407 478 1469 quam
492 1395 568 1450 ante
583 1405 757 1449 consonas:
775 1387 902 1450 oddoed
911 1390 1052 1468 (tempus
1067 1385 1249 1463 definitum,
1263 1387 1440 1468 addicam),

285 1493 454 1577 addfwyn,
473 1491 689 1576 addfieynder
704 1493 871 1574 (urbanus,
888 1491 1079 1573 urbanitas).

369 1598 438 1662 AM
453 1595 616 1682 (circum):
643 1597 705 1680 hep
718 1599 910 1682 amqoaubot
923 1597 986 1681 (gl.
1000 1597 1069 1660 sinc
1090 1609 1217 1674 mente3
1234 1598 1257 1662 i.
1276 1621 1305 1663 e.
1324 1599 1442 1663 circum·

284 1705 478 1789 spectione),
503 1703 619 1768 ambis
639 1703 697 1786 (gl.
723 1703 877 1779 demissa;
906 1704 929 1768 i.
951 1727 980 1767 e.
1005 1703 1247 1781 circumsoluta,
1275 1706 1388 1786 vestis)
1405 1704 1441 1788 gl.

283 1811 390 1874 Oxou.
405 1813 585 1895 ystondord
604 1809 717 1874 cmlwc
733 1809 901 1891 (vexillum
923 1810 1134 1894 explicatum)
1148 1811 1238 1875 Mab.
1257 1815 1290 1890 2,
1308 1817 1383 1874 385.
1411 1811 1442 1873 In

282 1916 354 1980 aliis
369 1916 564 1991 varietatem,
579 1914 832 1991 multitudinem,
847 1915 922 1979 inde
937 1916 1034 1980 etiam
1048 1917 1264 1980 intensionem
1275 1918 1441 2001 significat:

282 2021 390 2088 amliw
411 2021 608 2104 (versicolor)
624 2023 713 2084 Mab.
735 2029 764 2098 1,
784 2027 857 2084 278.
887 2021 1042 2088 αηιᾰίαωι
1063 2025 1198 2106 (egenus
1205 2047 1215 2099 ;
1240 2024 1282 2087 ef.
1306 2025 1440 2096 Μαι(

282 2127 382 2206 clives,
393 2128 492 2205 dlodi,
502 2129 688 2212 paupertas)
698 2132 728 2204 2,
741 2133 792 2190 23.
807 2127 971 2213 amrysael
980 2135 1195 2210 (numerosus,
1205 2130 1329 2213 varius)
1343 2139 1371 2208 1,
1381 2136 1441 2192 215.

367 2235 484 2298 Forma
509 2233 630 2300 variata
651 2233 749 2318 hujus
769 2233 945 2318 particulae
966 2247 1016 2298 est
1036 2233 1117 2310 OM,
1134 2255 1175 2298 ex
1197 2255 1263 2319 qua
1282 2238 1364 2314 EM,
1386 2237 1442 2300 Yll
1482 2225 1484 2344 j

283 2342 395 2408 eodem
415 2341 510 2404 modo
532 2353 620 2404 ortae
638 2339 745 2426 putari
766 2350 929 2423 poterunt,
947 2350 985 2403 ut
1005 2339 1069 2418 lle,
1087 2341 1177 2425 Ity-e
1197 2341 1375 2407 vetustiore
1387 2342 1442 2416 lo,
1482 2347 1484 2394 Ι

283 2449 340 2513 bu·
356 2449 403 2532 (p.
425 2452 496 2510 199.
518 2450 605 2529 119).
641 2447 763 2510 Adesse
784 2457 892 2512 tamen
912 2446 1040 2510 videtm
1060 2457 1128 2510 tam
1148 2447 1250 2511 forme
1271 2448 1339 2512 as-
1361 2469 1444 2532 quau
1480 2397 1484 2520 l

210 2575 214 2582 ·
282 2575 346 2618 om·
357 2553 426 2638 jam
440 2553 525 2617 inter
538 2552 659 2636 glossas
675 2551 850 2616 Luxemb.:
869 2553 1059 2618 omootomc
1073 2553 1131 2638 (gl.
1148 2566 1303 2638 apocant3
1322 2555 1347 2618 i.
1360 2579 1389 2620 e.
1403 2575 1443 2617 ce

281 2660 482 2728 lumniantur
502 2657 658 2722 invicem?
681 2659 775 2724 astla
788 2658 878 2722 Mab.
897 2665 928 2735 3,
948 2661 1042 2741 287),
1066 2659 1245 2744 imropaloa
1260 2661 1321 2744 (gl.
1340 2659 1443 2745 orgum

282 2789 324 2832 an
339 2766 567 2832 conferendum
582 2786 721 2851 maressa,
739 2773 873 2828 mutuus
888 2765 1067 2854 amplexus,
1081 2765 1197 2842 coitus,
1211 2767 1290 2851 Leg.
1306 2771 1339 2831 2.
1357 2775 1385 2829 1.
1401 2772 1442 2826 to.

286 2879 341 2949 193
361 2877 413 2950 29,
431 2893 472 2936 ex
487 2871 639 2956 eutropia,
657 2871 751 2935 aliter
763 2871 942 2935 derivatum
957 2891 998 2934 ex
1012 2872 1123 2935 eedem
1137 2871 1288 2955 radicet).

369 2981 415 3043 Ut
436 2977 599 3042 hibernica
622 2977 712 3041 imm·
729 2981 775 3062 (p.
795 2980 871 3060 847)
888 2975 1087 3060 significatur
1107 2977 1203 3041 etiam
1224 2977 1285 3042 hac
1298 2977 1444 3042 cambria

282 3107 356 3164 em·,
374 3107 441 3171 ym-
457 3085 539 3148 actio
559 3083 730 3168 reciproca,
749 3084 771 3148 i.
790 3106 818 3148 e.
836 3093 950 3148 mutua
970 3083 1055 3148 inter
1075 3083 1156 3146 duos
1173 3084 1224 3147 vel
1239 3085 1367 3168 plures:
1391 3105 1443 3148 en

281 3189 441 3256 deveducls
462 3189 726 3274 (colloquimini),
752 3189 925 3254 andbitun
948 3189 1156 3271 (collocutio)
1173 3191 1252 3274 Leg.
1273 3196 1303 3254 2.
1327 3198 1440 3259 11.11;

282 3305 334 3362 48.
357 3297 472 3384 ymlod
490 3297 626 3381 (pugna)
642 3297 731 3360 Mab.
753 3303 782 3374 1,
802 3301 875 3360 235.
892 3295 1038 3381 ymwclet
1058 3295 1181 3378 (videre
1200 3297 1356 3376 invicem,
1379 3295 1441 3359 visi·

282 3409 369 3487 tare)
391 3404 480 3468 Mab.
502 3411 537 3481 1,
557 3407 609 3467 29.
629 3407 702 3466 259.
731 3403 909 3490 ymdidoau
931 3401 1112 3486 (colloqui)
1134 3403 1224 3468 Mab.
1243 3405 1288 3488 sq.
1319 3423 1442 3489 ympno

282 3515 401 3594 (amare
422 3509 578 3586 invicem,
603 3508 766 3592 amplecti)
790 3509 880 3572 Mab.
901 3515 929 3586 1,
949 3513 1001 3572 25.
1025 3507 1203 3593 yrayyroha
1220 3509 1350 3590 (adoriri
1371 3506 1442 3572 insi·

281 3621 364 3700 cem)
384 3625 413 3695 1,
429 3623 481 3680 21.
514 3615 598 3680 Item
619 3615 654 3678 in
675 3616 819 3698 decomp.
840 3611 1174 3700 quadymdea'thooea
1189 3615 1350 3697 (associari
1370 3611 1442 3680 iuri·

281 3745 368 3800 oem3
387 3724 521 3787 esubst.
539 3720 791 3808 kedymdet'tloa,
810 3719 958 3802 societas)
975 3725 1005 3796 3,
1026 3725 1099 3782 119.

366 3831 468 3894 Juxta
489 3829 573 3894 hauc
587 3828 712 3894 obtinet
725 3825 918 3910 significatio
932 3824 1067 3890 actionis
1082 3825 1117 3888 in
1132 3847 1177 3905 se,
1196 3827 1220 3892 i.
1237 3849 1268 3891 e.
1285 3827 1440 3894 rellcxira:

280 3936 452 4025 ymrs'tlsaw
474 3955 573 3999 aorrw
594 3955 696 3998 meato
713 3955 758 4018 yn
779 3931 847 3995 sith
868 3932 986 4018 adetyo
1000 3935 1139 4013 (mutare
1154 3953 1188 3997 se
1203 3935 1253 3998 M.
1272 3934 1307 3997 in
1320 3933 1441 3996 form

280 4045 361 4128 avis)
377 4044 466 4108 Mab.
486 4047 523 4118 2,·
537 4045 610 4103 289.
632 4039 808 4125 ymdanpos
830 4057 927 4102 conce
941 4059 1096 4124 yuortoyn
1111 4037 1198 4103 idaeo
1214 4043 1401 4121 (monstrare
1412 4055 1442 4098 rs

280 4149 385 4236 coepit
406 4148 515 4233 puelle
536 4147 579 4230 ei)
599 4154 627 4224 1,
646 4151 699 4209 28.
723 4143 821 4210 orodi
834 4145 943 4230 dwfisr
956 4167 978 4230 y
992 4143 1133 4230 ymolohs’
1144 4165 1244 4210 uorsa
1257 4169 1280 4233 y
1294 4144 1385 4212 οωοὺι
1400 4145 1440 4223 (et

280 4260 355 4322 dare
369 4277 485 4341 aquam
499 4255 541 4318 ad
555 4253 729 4318 lavandum
740 4251 877 4333 Oweno)
895 4258 924 4328 1,
942 4257 992 4314 15.
1010 4259 1140 4336 amynet
1153 4252 1273 4318 rutham
1285 4277 1306 4339 y
1320 4247 1441 4315 crau

280 4389 319 4429 ac
333 4363 524 4452 ymyudyow
540 4363 588 4442 (et
601 4359 745 4422 recedere
760 4359 801 4422 ab
815 4377 853 4422 eo
867 4369 901 4420 et
914 4357 1077 4434 abscondi,
1093 4357 1199 4442 coepit
1213 4359 1331 4444 puella)
1347 4363 1375 4430 1,
1390 4357 1437 4416 27.

279 4471 377 4536 meiat
396 4471 443 4554 yd
460 4473 628 4552 ymperynt
648 4487 687 4532 aa
705 4473 764 4550 ayt
783 4463 1093 4550 ynaqaalyaaasaoat
1109 4465 1219 4546 (valde
1239 4487 1273 4532 se
1287 4462 1435 4530 amount,

1482 1823 1484 1836 l

1483 1867 1484 1876 ι

1482 2125 1484 2190 l

1480 2915 1483 2940 l

1481 2945 1483 2976 l

1480 2977 1483 3152 l

1481 3157 1483 3186 l

1481 3209 1483 3234 Ι
