3082 5070
609 384 780 428 ADDENDA.

617 587 669 649 Ad
685 587 726 650 V.
746 593 777 648 2.

199 745 238 807 P.
258 747 331 816 837,
350 739 372 802 l.
394 743 444 800 12.
477 739 608 802 Nexum
631 738 714 802 inter
729 748 793 804 ote·
809 752 841 802 et
855 741 951 803 ande·
967 750 1125 804 statutum
1139 717 1283 824 compro·

103 851 191 912 bant
205 845 381 932 particulae
392 845 550 928 gothicae,
566 845 752 929 separabilis
768 845 814 910 itt
827 848 978 928 (contra),
993 845 1220 930 inseparabiles
1235 845 1284 909 id-

103 957 188 1036 (re·)
204 964 237 1016 et
257 953 348 1016 and·.
382 953 445 1015 llla
465 952 642 1015 secundum
663 973 758 1014 sonos
779 951 865 1014 idem
887 963 937 1014 est
959 953 1044 1034 quod
1059 953 1136 1035 gall.
1154 962 1230 1030 ote,
1248 953 1283 1014 in

103 1057 344 1142 significatione
368 1069 476 1122 autem
497 1056 582 1120 idem
605 1079 641 1120 ae
663 1057 740 1140 gall.
759 1059 867 1132 enda,
892 1057 1016 1120 hibern.
1037 1058 1108 1122 ind·
1124 1063 1170 1143 (p.
1191 1065 1280 1142 848),

19 1193 26 1202 ·
102 1187 192 1249 quae
215 1187 289 1228 curn
311 1164 401 1248 goth.
419 1165 499 1231 aad·
519 1173 568 1226 est
583 1163 679 1246 juxta
701 1185 749 1246 gr.
768 1155 852 1243 ἀντί,
869 1176 906 1226 ut
925 1163 1015 1246 goth.
1034 1164 1082 1228 id·
1092 1164 1189 1248 juxta
1205 1175 1281 1228 ate.

197 1273 237 1335 P.
253 1275 327 1348 842,
341 1271 364 1334 l.
382 1277 432 1332 10.
459 1268 643 1347 Quaeritur,
658 1291 700 1334 an
712 1269 813 1333 forma
824 1269 999 1354 composita
1011 1292 1082 1334 eoo·
1097 1271 1194 1335 etiam
1209 1283 1284 1334 ante

102 1378 244 1440 infectas
260 1387 372 1440 tenues
388 1375 541 1440 obtineat.
575 1375 738 1458 Frequens
753 1399 870 1440 nomen
890 1374 1072 1441 Conchobor
1087 1377 1222 1460 (Conor)
1238 1377 1284 1441 ita

102 1483 267 1566 scriptum
286 1483 376 1546 adest
396 1481 431 1544 in
454 1481 560 1544 codice
576 1481 716 1546 illariani
732 1482 820 1548 Secti
842 1482 927 1546 inter
941 1481 1071 1546 nomina
1085 1505 1198 1566 regum
1213 1486 1279 1567 (ep.

103 1592 217 1655 Pertz.
235 1597 264 1665 7,
281 1591 368 1670 556),
386 1585 598 1652 Oonchultlor
611 1587 647 1650 in
662 1587 844 1652 narratione
856 1600 982 1652 vetusta
996 1590 1036 1652 de
1051 1588 1125 1652 filiis
1139 1589 1283 1654 Usnechi

103 1695 258 1779 (O’Flan.
282 1719 316 1779 p.
338 1701 388 1756 16.
410 1697 495 1776 146).
528 1693 676 1758 Occurrit
699 1693 827 1777 quidem
849 1694 883 1757 in
907 1695 982 1758 Wb.
1002 1699 1054 1757 30⁶
1075 1695 1284 1760 concheobrat

103 1805 155 1886 (p.
176 1805 265 1883 495),
284 1802 338 1864 sed
360 1823 430 1864 con·
445 1799 481 1862 in
504 1799 611 1863 codice
632 1799 786 1883 scriptum
803 1811 851 1863 est
866 1799 946 1884 sigla
961 1822 989 1878 o,
1005 1823 1089 1885 *quae
1103 1801 1168 1886 legi
1183 1801 1283 1885 possit

102 1907 207 1971 etiam
222 1928 313 1983 coru,
333 1929 392 1970 co·.

196 2017 234 2078 P.
255 2013 368 2090 846,1.
389 2018 440 2075 28.
473 2016 578 2076 Aucta
597 2013 698 2076 forma
720 2013 816 2077 iarm-
838 2013 872 2076 in
894 2014 949 2097 Sg.
970 2011 1017 2077 3l:
1043 2013 1280 2078 ooasm'ormut'-
1310 2013 1314 2022 '

104 2119 219 2204 diqtle
234 2119 291 2203 (gl.
310 2117 487 2204 postposita
502 2142 528 2196 r,
547 2119 610 2182 abl.
630 2119 751 2194 absol.;
776 2119 799 2182 i.
818 2141 846 2182 e.
873 2120 900 2183 si
922 2132 971 2184 est
986 2131 1105 2206 postp.,
1124 2153 1167 2174 =
1183 2120 1281 2184 larm-

102 2225 295 2310 avidique).

196 2333 236 2396 P.
255 2337 335 2409 847,
358 2332 382 2394 l.
408 2339 460 2394 30.
497 2330 563 2395 Vix
593 2330 801 2394 infitiandum
825 2343 931 2396 tamen
955 2332 1089 2396 actionis
1112 2331 1281 2396 reflexivae

104 2438 307 2524 significatae
329 2437 486 2522 particula
508 2435 573 2500 im·
588 2437 771 2520 exemplum
794 2447 842 2500 est
865 2437 1026 2522 t'mpobc'm,
1053 2437 1280 2522 r'mmimpobim

104 2545 202 2630 (vito,
219 2539 252 2630 p'.
272 2547 360 2626 855),
379 2541 401 2606 i.
420 2564 449 2605 e.
467 2542 584 2626 recipio
605 2565 668 2620 mo,
688 2542 715 2606 si
736 2543 897 2607 confertur
919 2566 998 2608 arm.
1017 2552 1171 2608 emanuel
1185 2555 1218 2606 et
1233 2565 1281 2606 em

103 2674 156 2716 em
174 2659 279 2715 tennet
293 2653 340 2735 (p.
360 2653 447 2732 871).

196 2759 234 2820 Ρ.
255 2764 336 2834 869,
362 2755 385 2819 l.
405 2763 435 2818 9.
470 2754 608 2839 Scriptio
629 2755 745 2819 codicis
768 2757 874 2819 Oxou.
901 2777 974 2818 cum
995 2755 1080 2818 clara
1100 2755 1158 2832 sit,
1184 2755 1281 2819 etiam

103 2864 263 2928 hodierna
292 2864 393 2927 sonna
422 2863 566 2948 ejusdem
585 2861 687 2938 vocis,
713 2864 814 2926 subst.
839 2861 989 2937 amnoid,
1012 2861 1057 2946 pl.
1083 2861 1280 2936 amnestian,

102 2971 194 3034 verb.
212 2969 414 3046 amueidiaw,
433 2979 646 3033 transmutata
660 2967 796 3032 videtur.

602 3159 653 3221 Ad
674 3158 734 3221 VI.
755 3163 785 3219 2.

194 3312 233 3375 P.
254 3317 327 3390 912,
346 3313 386 3376 ad
410 3313 508 3374 finem
529 3321 634 3374 notae.
668 3309 764 3373 Vocis
786 3309 915 3373 celticae
931 3311 993 3372 rtm
1010 3312 1190 3392 (numerus)
1206 3308 1281 3372 faci·

101 3417 145 3481 lis
169 3429 253 3480 certe
275 3417 338 3482 fuit
360 3416 546 3482 commixtio
569 3437 643 3479 cum
663 3437 776 3499 graece
798 3405 939 3504 ῥυθμός,
957 3437 1037 3498 quae
1061 3415 1205 3498 quamvis
1220 3415 1282 3477 fuit

102 3524 231 3588 diversa
251 3547 270 3588 a
292 3547 367 3588 voce
387 3517 545 3610 ἀριθμός,
562 3534 673 3586 tamen
688 3521 789 3586 latina
804 3545 880 3586 voce
895 3543 1044 3586 numeras
1061 3521 1157 3584 etiam
1172 3522 1282 3584 redde·

101 3631 211 3704 batur,
228 3640 261 3692 et
282 3631 383 3695 facilis
399 3629 548 3714 deinceps
564 3628 661 3692 etiam
678 3628 844 3692 translatio
859 3651 879 3691 a
894 3627 1127 3712 significatione
1144 3637 1281 3692 structu-

101 3757 157 3799 rae
168 3735 310 3820 poeticae
323 3736 362 3798 ad
375 3735 643 3820 significationem
651 3746 782 3798 ornatus
790 3733 932 3818 ejusdcm
943 3745 1132 3798 structurae.
1154 3732 1281 3816 Rhyth-

101 3839 188 3905 mica
207 3840 350 3904 carmina
365 3841 452 3905 enim
468 3864 524 3927 per
539 3841 683 3904 medium
698 3862 811 3904 aevum
828 3841 980 3904 dicuntur
995 3841 1137 3905 carmina
1152 3839 1282 3902 celticae

101 3958 295 4024 structurae,
314 3947 490 4032 composita
513 3949 657 4012 versibus
681 3945 757 4010 certi
782 3947 978 4030 syllabarum
1001 3947 1127 4010 numeri
1143 3968 1216 4009 cum
1233 3967 1293 4008 as-.

100 4053 263 4130 sonantia,
281 4053 413 4117 metrica
433 4065 544 4117 autem
565 4053 676 4117 latinis
699 4051 808 4116 metris
825 4051 1011 4136 composita,
1030 4063 1067 4115 ut
1077 4052 1146 4136 jam
1160 4061 1281 4136 patete

100 4159 229 4224 diaconi
245 4159 309 4222 Lul
333 4161 479 4244 epistola,
498 4171 612 4242 quarta
634 4159 719 4222 inter
734 4157 950 4222 Bonificianas
974 4159 1024 4221 ed.
1044 4158 1170 4222 Serae:
1191 4149 1284 4219 “Ob-

103 4287 203 4343 secro,
219 4277 257 4329 ut
270 4265 353 4328 mihi
365 4267 529 4330 Aldhelmi
541 4266 681 4350 episcopi
693 4265 801 4348 aliqua
812 4264 966 4349 opuscula
980 4285 1037 4327 seu
1048 4285 1213 4348 prosarum
1226 4285 1282 4326 seu

101 4384 325 4435 metrorum
348 4383 420 4435 aut
442 4372 744 4456 rythmicorum
766 4371 901 4454 dirigere
923 4369 1063 4454 digneris
1086 4371 1125 4433 ad
1141 4368 1283 4433 consola·

102 4479 226 4542 tionem
249 4477 519 4562 peregrinationis
536 4499 625 4540 meae
641 4489 673 4540 et
688 4479 728 4541 ob
742 4477 927 4540 memoriam
943 4477 1043 4561 ipsius
1058 4477 1144 4540 beati
1160 4476 1285 4541 antisti·
