3004 5066
128 373 301 418 merrom.
334 369 498 418 eractura
516 373 642 418 contere
658 374 834 418 nrnsnnrcr
853 375 1022 420 rnrscrnnr
1038 376 1087 420 so.
1137 359 1212 420 1021

75 521 207 586 nantibus
221 533 327 586 autem
343 522 388 586 sic
403 507 561 600 cohaer'et,
576 533 613 586 ut
627 523 770 607 ejusdem
782 524 910 607 penitus
922 525 1118 590 substantiae
1129 527 1182 603 sit,
1193 525 1220 560 ¹*

76 639 114 702 ut,
129 627 153 690 si
170 627 336 704 auferatur,
355 627 596 712 significationis
612 629 677 692 vim
692 627 851 694 ιιιίιιιιιιιθὕ
866 651 1004 712 prorsus,
1021 641 1059 694 ut
1074 631 1101 694 si
1116 632 1219 698 dicam

75 732 183 795 Crenaee
197 753 252 816 pro
264 732 428 796 Chremes.
454 734 548 796 Unde
564 733 624 797 hac
639 735 837 798 considerata
851 736 973 798 ratione
983 731 1009 768 ¹⁶
1024 737 1219 802 Graecorum

74 835 227 900 doctissimi
247 836 425 920 singulas¹⁷
445 839 589 902 fecenurt
604 861 657 902 eas
672 861 797 922 quoque
812 839 930 916 literas,
943 835 969 873 ¹⁸
989 839 1142 926 quippe¹⁰
1162 865 1219 926 pro

75 941 102 1002 th
119 945 151 1020 θ,
167 963 221 1024 pro
243 943 288 1026 pb
311 965 347 1033 φ,
364 965 422 1026 pro
444 943 485 1006 ch
507 967 527 1024 χ
545 945 727 1010 scribentes.
760 946 828 1008 Nos
843 955 950 1008 autem
966 946 1131 1028 antiquam
1146 948 1220 1010 scri·

73 1044 216 1128 pturam²⁰
234 1069 407 1112 servamus.
418 1044 443 1082 ²¹
475 1049 517 1113 In
532 1049 641 1112 latinis
656 1061 762 1112 tamen
778 1049 971 1114 dictionibus
986 1073 1044 1114 nos
1059 1073 1186 1136 quoque
1193 1049 1221 1088 ²²

72 1153 178 1235 proph
200 1153 361 1237 coepimus
383 1153 562 1229 iscribere,
585 1165 622 1218 ιιι
644 1155 742 1232 filius,
765 1155 860 1232 fama,
878 1157 966 1238 biga,
984 1155 1047 1219 nisi
1069 1159 1166 1238 quod,
1183 1169 1220 1220 ut

71 1277 152 1339 supra
170 1259 345 1334 docuimus,
364 1269 413 1322 est
433 1259 540 1341 aliqua
561 1259 595 1322 in
616 1260 875 1342 pronuntiatione
882 1256 910 1296 ²³
925 1259 993 1341 ejus
1008 1260 1118 1325 literae
1132 1261 1220 1325 diffe-

71 1363 158 1426 tentia
179 1385 253 1427 cum
268 1361 364 1426 sono¹
383 1363 440 1446 ph.
472 1363 527 1426 Rh
543 1375 650 1428 autem
665 1365 736 1428 ideo
751 1377 880 1428 nonest
897 1365 1087 1428 translatum
1102 1367 1141 1428 ab
1157 1367 1222 1430 illis

71 1465 99 1528 in
115 1467 202 1532 aliam
222 1464 396 1552 figuram,²
419 1471 503 1551 quod
526 1491 585 1532 nec
609 1469 654 1532 sic
676 1471 823 1534 cohaeret
844 1471 919 1534 huic
934 1472 1092 1554 quomodo
1107 1471 1217 1546 mutis,

70 1593 129 1648 neo,
142 1573 167 1636 ai
179 1573 321 1650 tollatur,
334 1573 454 1637 minuit
471 1573 748 1656 significationem.
759 1571 772 1610 ⁸
794 1575 948 1644 Quamvis
960 1575 1046 1640 enim
1058 1577 1220 1638 subtracta

69 1678 245 1761 aspiratione
267 1678 370 1742 dicam
391 1689 486 1756 retor,
505 1681 635 1762 Pyrrus,
653 1678 857 1746 intellectus⁴
879 1681 1003 1762 integer
1017 1691 1136 1756 manet,
1154 1703 1220 1744 non

69 1782 165 1846 aliter⁵
179 1779 297 1867 quam⁶
312 1784 338 1848 si
355 1785 545 1848 antecedens
561 1783 721 1848 vocalibus
737 1786 907 1849 auferetur.
933 1786 1028 1849 Unde
1043 1786 1222 1850 ostenditur

68 1907 101 1950 ex
120 1888 175 1952 hoc
195 1910 322 1972 quoquc
344 1889 452 1972 aliqua
473 1911 541 1954 esse
556 1889 703 1972 cognatio
722 1891 861 1954 rlitcrae
876 1912 950 1954 cum
964 1891 1138 1955 vocalibus.
1170 1892 1221 1954 Ex

68 2013 122 2074 quo
138 1994 267 2076 quidam
281 1993 542 2071 dubitaverunt,⁷
563 2005 671 2058 utrum
685 1996 839 2080 praeponi
852 1997 966 2060 debeat
980 1996 1056 2059 huic
1072 1996 1222 2080 aspiratio

67 2117 101 2159 an
114 2099 274 2182 subjungi.
301 2101 395 2164 Unde
407 2099 531 2176 Aeoles,
546 2109 584 2162 nt
598 2099 749 2177 diximus,
764 2101 833 2164 loco
847 2101 1049 2184 aspirationis
1061 2101 1222 2185 digamma

67 2214 207 2284 ponentes
229 2204 265 2266 in
287 2204 480 2268 dictionibus
502 2206 541 2268 ab
561 2225 580 2290 ρ
602 2204 842 2287 incipientibus,
860 2207 964 2270 solent
978 2207 1046 2270 loco
1062 2207 1223 2290 digamma

67 2307 257 2385 Brcribcre,
277 2309 458 2391 judicantes
479 2303 612 2372 debere⁸
632 2310 784 2393 praeponi
805 2310 967 2394 digamma
988 2311 1080 2395 quasi
1101 2312 1219 2386 vocali3

67 2413 113 2474 sed
132 2435 242 2477 rursus
264 2414 356 2496 quasi
378 2409 588 2478 consonanti⁹
608 2413 767 2497 digamma
782 2415 816 2478 in
832 2403 941 2478 eadem
957 2416 1077 2498 syllaba
1093 2439 1222 2500 praepo·

66 2539 131 2582 uere
150 2529 347 2594 recusantes,
365 2520 604 2582 commutabant
618 2518 651 2580 id
666 2517 702 2581 in
718 2522 756 2596 B,
773 2517 914 2606 βρήτωρ,
930 2517 1052 2606 βρόδος
1068 2521 1243 2584 dicentes..
1341 2539 1345 2546 ·
1384 2517 1390 2528 '

66 2621 120 2686 Sed
133 2627 218 2707 apud
232 2624 371 2688 Graecos
387 2623 465 2686 haec
479 2623 583 2700 litera,
597 2623 630 2686 id
645 2633 694 2686 est
709 2645 738 2708 ρ,
751 2623 862 2687 multis
877 2625 978 2688 modis
994 2627 1140 2709 fungitur
1155 2627 1223 2690 loco

65 2729 181 2805 roralis,
195 2739 236 2791 ut
251 2728 286 2790 in
301 2729 513 2792 declinatione
529 2728 696 2792 nominum
711 2728 745 2790 in
761 2751 803 2813 ρα
819 2741 851 2792 et
865 2730 899 2793 in
916 2753 937 2793 α
952 2753 1065 2813 puram
1077 2731 1223 2794 desinen-

66 2832 146 2911 tium,
160 2855 245 2918 quac
260 2833 406 2897 similiter
418 2843 580 2898 orserrant
591 2855 647 2916 per
658 2833 802 2916 obliquos
814 2855 918 2912 casus,
932 2847 969 2898 ut
980 2832 1084 2921 o‘r'pc¹⁰
1096 2831 1221 2920 ὥρας,“
1313 2903 1316 2912 ,

64 2933 161 3023 σοφία
183 2932 320 3024 σοφίας.
351 2940 449 3021 Apud
470 2937 602 3001 Latinos
625 2948 732 3000 autem
752 2959 817 3000 non
840 2940 929 3004 adeo.
963 2940 1145 3016 Quaeritur,
1168 2963 1225 3003 cur

63 3040 94 3104 in
107 3044 178 3120 roh,
198 3042 242 3107 ah
251 3039 277 3076 ¹²
292 3055 365 3126 post
379 3043 501 3106 vocales
516 3041 647 3125 ponitur
661 3043 821 3124 aspiratio,
840 3057 871 3106 et
886 3044 1032 3119 dicimus,
1050 3047 1135 3127 quod
1150 3067 1224 3128 apo·

63 3167 134 3228 copa
161 3149 247 3212 facta
273 3159 321 3212 est
342 3160 500 3212 extremae
520 3147 655 3222 voculis,
667 3141 693 3181 ¹³
715 3147 767 3208 cui
787 3150 1039 3230 praeponebatur
1061 3149 1221 3232 aspiratio.

76 3313 144 3322 --0—0.
153 3317 176 3322 ...
189 3315 267 3322 ...o——

127 3415 156 3465 14
177 3430 207 3466 .ι.
224 3411 301 3464 coniri
311 3410 502 3480 binuonsolad
511 3410 571 3463 doto
609 3413 638 3462 15
655 3427 683 3462 .ι.
698 3411 728 3462 nt
739 3407 865 3478 incbos'ss'q
878 3409 954 3462 taron
966 3409 1059 3478 asolod
1068 3412 1140 3462 eosne
1152 3408 1225 3462 iorn-

62 3495 158 3564 datad
168 3496 263 3565 iatius.
280 3515 308 3550 .ι.
322 3495 473 3566 incborsqad
483 3495 553 3546 riom
596 3498 626 3548 16
644 3493 735 3547 amota
746 3491 838 3561 intimi
852 3492 948 3547 doneib
960 3511 1046 3547 careo.
1085 3497 1113 3546 11
1133 3494 1227 3548 dendor'
1246 3561 1248 3566 Ι

61 3581 303 3636 morasmoras
316 3579 521 3634 conuertunt
557 3581 587 3632 18
605 3576 1023 3647 cdroobtranacomon'tintinfi
1063 3581 1093 3630 19
1110 3577 1224 3632 {Momm

62 3665 246 3734 ituraeorum

126 3753 157 3802 tt
179 3750 220 3820 (in
237 3749 335 3819 marg.)
349 3748 380 3800 bi
395 3748 526 3801 umbrant
541 3747 576 3800 dd
593 3748 736 3800 carocbtcr
754 3745 820 3799 beor.
842 3764 870 3800 .ι.
891 3765 978 3800 cerac.
993 3747 1097 3802 conum
1110 3752 1123 3800 1
1137 3765 1224 3800 oarac.

62 3832 119 3900 trias.
133 3851 189 3886 om.
203 3833 338 3903 mpntb's
349 3831 467 3901 anaprar'c
522 3835 554 3884 22
573 3831 792 3899 mirsorcooraorni
801 3831 900 3900 riopoc'l
909 3848 1016 3900 omres
1028 3829 1176 3884 discribebat
1186 3829 1226 3882 irr-

60 3915 92 3967 ds
100 3934 190 3970 corae.
203 3917 290 3972 incid
302 3915 441 3970 coneoms'b
454 3922 525 3970 aaut.
535 3916 777 3984 rocrutltm'yoamor
788 3915 909 3984 comeum
923 3915 958 3968 off
970 3918 1017 3968 oen
1026 3915 1131 3968 abarae.
1138 3915 1165 3982 f
1173 3919 1226 3968 tor·

59 3999 115 4054 lteri
125 4021 163 4072 φ.
177 4002 272 4070 cobirfi
286 4001 432 4070 aspecit
444 3998 573 4054 manmit
609 4003 641 4051 23
659 3999 778 4068 Μίθραν.

125 4088 178 4157 (9¹³)
219 4086 362 4155 lbisognr
400 4085 639 4138 tcontdentadon
653 4083 749 4136 torm
761 4083 861 4136 arasa
870 4101 923 4136 om.
937 4082 1045 4136 nedelis
1079 4081 1229 4134 samaria

57 4173 150 4240 osolad
160 4175 251 4226 οέιηιιο
285 4170 366 4222 tras.
380 4167 725 4238 osoladcdtnoerlno'nds'daa
760 4167 900 4220 baim
935 4165 1061 4220 boldetto
1097 4165 1227 4218 tbuadb'·

56 4255 270 4322 oudimboibm'a
331 4253 544 4308 Sisoiriaobttb
557 4252 656 4321 dspos'ffr
670 4253 764 4306 locam
779 4251 849 4321 pain
901 4255 987 4305 bam.
1002 4251 1058 4304 titt
1070 4250 1227 4306 &clenodia

58 4355 109 4392 om.
124 4339 206 4393 nandi

127 4427 160 4476 to
180 4423 251 4478 erdod
289 4425 315 4475 11
338 4421 805 4494 eymitiu.aryuttoitrcstdpain
843 4425 874 4475 tt
892 4421 1009 4476 saona.
1023 4421 1080 4476 imo
1118 4425 1148 4474 ta
1169 4439 1228 4474 .r.a
