2978 5054
265 322 325 385 VI.
345 325 374 384 2.
408 341 631 386 cousunucrro
647 343 784 386 rorarios
802 344 998 388 minuantur.
1154 327 1216 388 919

70 503 180 556 cennas
193 489 339 574 syllabas.
371 491 567 554 Assonautia
581 491 686 556 finalis
701 493 883 576 copulativa
898 493 1085 558 continuata
1099 517 1116 558 a
1130 517 1214 559 com-

69 597 218 662 monefacit
239 595 440 661 assonantiae
462 596 666 662 continuatae
686 597 913 662 usitatissimae
933 601 1021 683 apud
1042 599 1214 664 sambricos

69 708 170 787 pottas.
201 702 330 766 Profero
350 702 430 765 duas
450 701 568 785 primas
590 703 736 786 strophas
754 705 855 789 (Opp.
873 706 916 768 D.
933 706 1087 790 August,
1105 707 1211 789 Lugd.

73 815 148 872 1586.
167 815 195 884 7,
211 831 244 891 p.
264 811 317 890 3):

195 951 386 1011 Abundantia
400 957 585 1028 peccatorum
601 946 612 1034 l}
629 953 704 1012 solet
717 955 820 1012 fratres
836 957 1023 1026 conturbare3

155 1057 274 1131 Propter
288 1055 344 1112 hoc
360 1053 495 1112 dominus
510 1059 610 1112 noster
626 1048 636 1135 [Ι
652 1055 745 1113 voluit
759 1073 813 1113 nos
829 1075 1025 1131 praemonere,

156 1161 333 1233 comparans
348 1175 472 1232 regnum
486 1156 632 1214 coelorum
649 1150 659 1237 fl
675 1157 797 1215 reticulo
812 1159 902 1216 misso
917 1151 1051 1230 inhiare,

157 1258 353 1335 Gongreganti
366 1257 475 1316 multos
489 1257 596 1334 pisces,
616 1252 627 1338 ΙΙ
644 1277 729 1316 omne
745 1279 838 1334 genus
852 1261 922 1318 hinc
937 1267 967 1320 et
981 1262 1059 1319 inde.

156 1365 236 1427 Quos
252 1379 322 1418 cum
336 1360 494 1418 traxissent
508 1360 545 1416 ad
559 1360 640 1429 litus,
661 1355 672 1442 [Ι
688 1368 758 1420 tunc
774 1369 932 1438 coeperunt
947 1379 1088 1438 separare,

154 1467 250 1522 Bonos
265 1463 299 1520 in
314 1481 383 1520 vasa
397 1462 549 1530 misanmt,
571 1455 581 1542 ΙΙ
597 1461 726 1537 reliquos
741 1464 834 1521 malos
849 1465 880 1521 in
894 1483 984 1522 mare.

154 1567 296 1641 Quisquis
311 1564 414 1622 recolit
428 1563 620 1638 evangelium,
641 1557 651 1644 ΙΙ
668 1573 857 1640 recognoscat
871 1585 938 1624 cum
952 1567 1064 1636 timore,

152 1669 238 1725 Videt
252 1665 409 1724 reticulum
424 1664 586 1734 ecclesiam,
607 1659 618 1746 ss
634 1667 714 1723 videt
728 1668 784 1724 hoc
799 1669 949 1726 saeculum
963 1687 1052 1738 mare,

153 1771 252 1826 Genus
267 1773 369 1825 autem
382 1765 507 1823 mixtum
521 1765 610 1841 piscis
626 1760 637 1848 ΙΙ
649 1767 751 1842 justus
766 1776 812 1827 est
826 1789 893 1827 cum
907 1778 1068 1858 peceatpre.

153 1871 266 1929 &sculi
281 1868 350 1928 finis
366 1873 411 1926 est
425 1869 506 1938 hus,
527 1862 537 1950 ΙΙ
553 1875 624 1926 tunc
639 1874 685 1927 est
698 1874 815 1945 tempus
830 1891 973 1947 separare,

153 1973 278 2036 Quando
295 1971 369 2029 retia
382 1977 534 2046 ruperunt,
554 1964 565 2052 l
581 1969 707 2028 multum
722 1971 888 2031 dilexersmt
902 1991 991 2031 mare.

152 2077 228 2134 Vasa
243 2079 318 2134 sunt
331 2073 416 2132 sedas
432 2077 608 2143 sanctorum,
628 2065 640 2154 ΙΙ
656 2093 715 2149 quo
729 2093 789 2132 non
804 2081 929 2150 possunt
943 2076 1103 2153 pervenire.

191 2229 297 2285 Bonus
312 2227 426 2283 auditor
440 2226 563 2282 fortasse
580 2217 591 2307 ΙΙ
608 2227 736 2300 quaerit:
756 2225 807 2301 qui
821 2235 962 2302 ruperunt
976 2233 1059 2286 rete?

149 2331 297 2388 Homines
312 2329 438 2386 multum
454 2327 581 2403 superbi,
602 2321 613 2409 ss
630 2327 680 2402 qui
691 2329 790 2402 justos
807 2347 838 2386 se
853 2329 954 2386 dicunt
969 2349 1044 2387 esse.

152 2433 197 2490 Sic
212 2433 348 2490 fecerunt
363 2430 519 2488 scissuram
535 2435 565 2487 et
581 2424 591 2510 li
608 2431 696 2487 altare
713 2437 812 2488 contra
827 2432 926 2488 altare.

151 2533 277 2592 Diabolo
295 2552 326 2589 sa
342 2531 532 2600 tradidanmt,
553 2525 564 2612 ss
581 2551 648 2589 cum
662 2538 795 2607 pugnant
809 2533 845 2590 de
860 2533 1024 2604 traditione,

150 2637 189 2694 Et
203 2637 316 2694 crimen
332 2635 411 2709 quod
426 2633 642 2704 commiserunt,
663 2629 674 2714 ΙΙ
689 2635 720 2690 in
736 2635 808 2692 alios
822 2635 925 2694 volunt
940 2637 1106 2694 transferre.

152 2739 211 2814 lpsi
225 2737 411 2797 tradiderunt
425 2735 515 2794 libros
532 2730 543 2818 Η
560 2743 589 2794 et
603 2755 657 2794 nos
673 2738 782 2794 audent
797 2755 942 2806 accusare,

151 2845 191 2901 Ut
205 2841 295 2918 pejus
311 2839 493 2897 committant
508 2838 614 2908 scelus,
635 2833 645 2920 ΙΙ
662 2857 750 2914 quam
765 2841 973 2898 commiserunt
988 2847 1018 2898 et
1032 2847 1109 2898 ante.

151 2945 238 3009 Quod
252 2947 378 3019 possent
392 2959 510 2998 cauam
524 2940 664 2997 librorum
680 2935 690 3022 (y
707 2959 846 2998 excusare
861 2942 897 2998 de
912 2941 1026 3012 timore,

152 3047 239 3111 Quod
253 3049 362 3104 Petrus
378 3042 529 3101 Christum
542 3043 669 3117 negavit,
690 3037 701 3124 ΙΙ
717 3044 788 3100 diua
802 3049 957 3102 terreretur
973 3045 1009 3102 de
1023 3051 1125 3114 morta,

150 3151 240 3208 Modo
255 3165 317 3222 quo
331 3150 418 3221 pacto
433 3144 615 3202 excusabunt
629 3138 641 3226 ΙΙ
658 3145 768 3202 factum
783 3145 873 3203 altars
888 3151 988 3203 contra
1002 3146 1114 3202 altare?

150 3254 190 3310 nt
203 3269 283 3328 pace
295 3247 405 3306 Christi
420 3245 569 3303 conscissa
584 3239 594 3326 ΙΙ
611 3263 693 3322 spem
707 3255 821 3322 ponunt
836 3248 867 3304 in
881 3247 1021 3306 homine?

153 3355 239 3418 Quod
253 3355 425 3429 persecutor
438 3367 498 3406 non
513 3349 591 3418 fecit,
612 3341 623 3430 ΙΙ
639 3349 696 3424 ipsi
711 3351 843 3408 facenmt
856 3351 887 3408 in
902 3369 984 3426 pace.

63 3466 253 3482 ,ψ’-

63 3515 185 3569 untemiis
197 3517 255 3570 suis
269 3513 401 3584 incipiens
414 3512 567 3566 amcmbris
580 3513 743 3584 syllabarum
755 3511 937 3583 septendecim
945 3519 973 3567 et
981 3512 1077 3566 finiens
1087 3511 1214 3566 membris

62 3596 144 3666 viginti
161 3601 286 3655 duarum,
311 3599 397 3653 Indos
409 3597 437 3651 in
450 3615 612 3668 quocunque
624 3600 679 3651 lere
692 3599 819 3654 scientiae
831 3598 875 3652 vel
887 3597 952 3652 artis
965 3615 1063 3669 genere
1074 3598 1144 3652 bene
1156 3616 1213 3651 rer-

62 3689 122 3737 satos
137 3686 302 3756 rhythmum,
316 3683 335 3738 i.
350 3701 374 3737 a.
389 3683 529 3738 certiorem
544 3683 707 3754 syllabarum
719 3684 842 3738 brevium
855 3691 883 3738 at
893 3684 1038 3754 longarum
1050 3685 1172 3738 ordinem
1185 3684 1213 3738 in

63 3768 205 3834 quibudam
222 3771 335 3828 distichi
353 3771 420 3824 locis
437 3769 589 3839 adoptasse,
604 3768 740 3823 ueletiam
748 3769 806 3839 jam
819 3769 1000 3824 asserentium
1012 3769 1119 3822 finalem
1132 3769 1214 3822 inter-

63 3850 117 3906 dum
134 3857 166 3910 ad
184 3859 316 3930 majorem
335 3863 461 3910 ornatum
479 3853 624 3918 addidisse,
640 3853 700 3924 quis
713 3853 875 3908 mirabitur?
892 3856 936 3908 Ita
948 3855 977 3908 in
993 3854 1211 3924 Ghatokorporo,

64 3937 128 4006 eujus
138 3941 252 4010 primum
266 3942 369 3995 slocum
382 3940 484 4012 profert
496 3939 617 4010 Boppius
630 3939 658 3991 in
673 3938 792 3992 editione
804 3939 867 3993 Nali
883 3939 976 4010 (praef.
991 3956 1018 4008 p.
1032 3939 1129 4010 Vlll):

89 4039 240 4112 niacttaaq
253 4043 335 4095 klaom
347 4043 445 4112 updtyo
457 4041 580 4094 ulradaih
593 4041 602 4112 tl
610 4039 1040 4111 priyahimt‘hsidaydwoniradaih

89 4127 183 4182 salitas'r
194 4129 301 4183 uilitas
313 4129 443 4181 rodestol
455 4127 581 4182 ksehitau
594 4125 603 4194 [Ι
616 4125 852 4180 ναωίίεσήωιᾶνάω
864 4126 911 4195 api
921 4125 1161 4196 ao'pololrschitau.

63 4223 99 4279 En
114 4233 290 4286 manentiam
305 4229 412 4285 finalem
424 4229 633 4299 contrapositam
646 4229 814 4300 bisyllabam,
829 4229 896 4283 adeo
908 4229 1083 4300 trisyllabum,
1098 4229 1214 4300 syllabas

64 4307 86 4362 in
103 4315 177 4383 priori
194 4319 315 4372 membro
333 4316 464 4387 cujusque
476 4331 569 4368 versus
581 4321 675 4368 exacta
687 4315 790 4378 decem,
804 4315 832 4368 in
845 4314 987 4384 posteriori
1000 4314 1134 4370 undecim.
1160 4317 1213 4370 Sed

65 4396 159 4456 unicum
169 4403 219 4457 hoo
232 4403 387 4474 exemplum
399 4399 570 4456 assonantiae
581 4399 648 4456 mihi
661 4399 801 4470 cognitum
814 4406 863 4454 est.
