2978 5054
309 389 371 452 924
522 391 583 456 VI.
602 395 632 454 2.
664 409 888 454 cousrnucrto
903 411 1041 454 somma
1058 409 1252 454 uincentes.

391 561 435 624 Et
448 583 482 645 p.
503 568 580 624 iis:

415 680 419 764 Ι
436 684 520 755 Vole,
544 679 548 766 Ι
568 685 642 754 vale,
666 679 671 766 Ι
690 683 835 754 fidissime,
856 677 866 766 ΙΙ
901 683 906 760 Ι
925 683 1004 760 phile
1022 683 1131 742 Christi
1147 683 1296 754 carissime,

372 789 469 850 Quem
484 787 515 843 in
535 781 538 866 Ι
559 787 653 846 cordis
673 779 677 866 Ι
697 785 829 844 cubiculo
846 779 856 866 ΙΙ
891 779 896 866 Ι
916 787 1000 861 cingo
1016 787 1122 844 amoris
1137 786 1260 843 vinculo.

374 881 378 967 Ι
396 891 460 944 Ave
481 881 485 968 Ι
505 891 592 945 Hovu
611 881 615 967 Ι
635 888 780 958 altissime,
801 881 899 968 lolim
917 887 923 962 Ι
942 888 1027 945 sedes
1047 887 1052 962 Ι
1072 887 1258 956 sanctissime,

372 985 376 1068 Ι
394 990 534 1047 Selutetis
553 987 559 1064 Ι
579 989 757 1065 supplicibus
774 983 784 1070 ΙΙ
800 989 977 1046 Ethelwuldi
992 1009 1059 1047 cum
1074 988 1199 1046 vocibm.

372 1085 376 1170 Ι
394 1093 446 1160 Te,
468 1087 472 1171 Ι
486 1097 515 1148 te
530 1091 618 1148 herus
633 1091 664 1148 in
679 1089 812 1148 omnibus
828 1083 839 1172 Ι
874 1090 879 1166 Ι
898 1089 1009 1148 clanim
1028 1085 1032 1170 Ι
1053 1091 1161 1148 creavit
1174 1090 1295 1160 actibus,

371 1186 376 1271 Ι
393 1193 500 1250 Forma
515 1197 545 1250 et
558 1211 616 1250 usu
631 1192 751 1262 virilem,
772 1185 782 1272 ΙΙ
802 1189 822 1267 -1
841 1191 919 1250 facto
935 1197 964 1248 et
979 1190 1057 1248 dicto
1072 1189 1203 1248 senilem.

369 1295 464 1351 Tum
484 1287 488 1374 l
507 1293 634 1368 Primum
652 1294 657 1370 1
676 1289 880 1374 pmlpsgsm
897 1286 907 1374 Ι
942 1292 947 1368 Ι
965 1309 1018 1368 rer
1037 1285 1042 1372 l
1061 1293 1238 1366 promum
1252 1293 1398 1370 indum

370 1395 492 1453 Curiose
512 1393 517 1469 Ι
537 1394 686 1470 conjicere,
707 1389 718 1476 Ι
734 1395 841 1452 mentis
857 1401 945 1469 atque
960 1392 1099 1468 inspicere

369 1491 373 1575 Ι
387 1497 496 1554 Nullus
516 1497 521 1574 Ι
539 1497 618 1553 velet
636 1494 641 1571 Ι
660 1495 824 1554 volucribus
841 1487 851 1576 ΙΙ
868 1495 975 1552 summi
990 1493 1064 1552 coeli
1076 1496 1131 1552 sub
1147 1495 1284 1555 nubibus.

387 1627 582 1692 Assonantie
610 1626 733 1704 finalis,
762 1647 843 1710 quae
870 1635 919 1688 est
945 1625 1176 1708 contraposita,
1206 1627 1437 1692 animadvertitur

302 1731 464 1795 interdum
491 1731 643 1807 dimidia,
668 1753 748 1814 quse
778 1731 813 1794 in
842 1729 1036 1793 carminibus
1065 1730 1228 1796 hibemice
1255 1734 1374 1817 scriptis
1395 1734 1437 1796 ire

301 1837 451 1919 quentior
472 1848 531 1914 est,
549 1859 577 1899 e.
595 1859 643 1920 gr.
661 1837 696 1899 in
717 1836 844 1900 arcibus
866 1835 1054 1912 minacibus,
1072 1837 1214 1901 cubiculo
1233 1838 1364 1916 vinculo,
1379 1838 1437 1901 soit

301 1939 472 2006 cotiralia.
505 1944 624 2008 Versus
647 1941 801 2025 cujusque
824 1941 959 2024 quodvis
979 1943 1158 2006 membrum
1179 1953 1228 2006 est
1249 1957 1320 2008 octo
1334 1945 1438 2029 syllabu-

300 2067 383 2124 rum,
398 2047 540 2131 ejusdem
555 2047 693 2112 ambitus
709 2047 801 2131 cujus
815 2057 864 2110 est
876 2046 1067 2129 hymnorum
1080 2048 1359 2112 Ambrosienorum
1368 2069 1437 2133 quse

300 2152 348 2216 vis
369 2153 466 2230 linea,
484 2155 539 2218 sed
560 2153 712 2216 differunt
731 2153 809 2216 haee
829 2153 914 2236 quod
933 2163 1071 2216 metrum
1086 2151 1224 2216 latinum
1240 2155 1290 2218 vel
1306 2155 1438 2240 quamius

299 2259 430 2323 omnino
446 2261 544 2324 deest.
1473 2239 1474 2250 Ι

385 2367 418 2430 N
420 2388 463 2430 on
484 2367 575 2430 aliter
595 2367 785 2449 Anonymus
805 2367 847 2430 ed
861 2366 1064 2448 Anonymem
1080 2365 1310 2447 (Baldhardus,
1327 2381 1360 2432 ut
1377 2367 1439 2428 vide

301 2481 363 2558 tur,
382 2473 422 2535 od
445 2471 694 2555 Berthgithsm)‚
713 2472 748 2536 in
770 2471 917 2556 operibus
933 2471 967 2534 S.
987 2471 1154 2549 Bonifscii,
1172 2473 1223 2535 ed.
1241 2473 1341 2550 Giles‚
1358 2471 1437 2536 lond

303 2582 396 2654 isia,
414 2599 446 2662 p.
467 2581 546 2640 uso:
948 2613 951 2618 -

450 2698 454 2782 Ι
472 2702 545 2761 Vale
562 2703 679 2760 Christo
699 2697 703 2784 Ι
723 2703 901 2778 virguncula,
921 2695 931 2784 ΙΙ
949 2701 1060 2761 Christi
1074 2721 1179 2778 nempe
1195 2704 1352 2778 unm,

409 2799 413 2881 Ι
430 2804 506 2860 Mihi
521 2823 590 2860 cara
609 2803 614 2879 Ι
633 2823 801 2879 magnopere
817 2799 827 2886 ΙΙ
844 2811 932 2880 atque
946 2824 1040 2880 gnara
1054 2805 1085 2862 in
1100 2825 1189 2880 opere,

408 2899 412 2982 Ι
430 2905 497 2963 Tibi
512 2905 613 2962 laudes
629 2903 771 2974 conitere
788 2901 797 2987 ΙΙ
814 2913 902 2982 atque
922 2901 926 2987 Ι
946 2914 1043 2982 grates
1058 2901 1234 2986 inigemino,

407 3001 411 3086 Ι
429 3011 530 3081 Teque
544 3027 615 3082 rogo
630 3025 697 3065 cum
717 3003 721 3087 Ι
741 3015 871 3078 tremore,
892 3001 903 3089 ΙΙ
937 3007 943 3082 Ι
962 3027 1038 3084 sgns
1052 3008 1163 3066 Christi
1177 3027 1231 3083 pro
1252 3003 1256 3090 Ι
1275 3029 1372 3078 amore,

405 3111 483 3166 Vota
495 3111 584 3167 redde
600 3130 666 3168 cum
681 3111 790 3167 feruore
806 3103 816 3191 Ι
852 3105 856 3190 Ι
875 3109 1017 3167 altissimo
1032 3111 1063 3166 in
1082 3108 1087 3184 Ι
1107 3111 1229 3182 aethere,

406 3213 490 3274 Quae
509 3209 514 3285 Ι
533 3211 697 3288 pepigimus
717 3207 721 3292 Ι
740 3211 856 3288 pariter,
877 3206 887 3294 ΙΙ
904 3231 1063 3269 memorare
1078 3211 1227 3269 tenaciter.

385 3323 567 3408 Eodemque
582 3327 675 3390 modo
691 3325 883 3410 Berthgiths
897 3325 939 3388 ad
954 3325 1184 3402 Raldhardum,
1202 3326 1281 3390 ibid.
1299 3350 1330 3411 p.
1348 3331 1410 3388 273:

449 3442 453 3526 Ι
471 3447 544 3506 Vale
564 3449 568 3525 Ι
587 3450 687 3506 vivens
703 3443 865 3530 feliciter,‘ss
881 3457 916 3506 ut
935 3449 940 3525 Ι
959 3449 1000 3506 sis
1019 3447 1024 3524 Ι
1044 3457 1163 3506 sanctus
1183 3448 1188 3525 Ι
1208 3450 1377 3526 simpliciter,

406 3548 473 3606 Tibi
493 3543 497 3629 Ι
517 3549 597 3608 sulus
611 3569 663 3625 per
682 3547 686 3632 Ι
707 3551 823 3609 saecula
840 3545 850 3631 ΙΙ
867 3552 1011 3608 tribuatur
1023 3571 1076 3627 per
1090 3551 1228 3608 culmino.

407 3645 410 3728 Ι
427 3651 568 3708 Vivamus
588 3646 592 3733 Ι
612 3653 667 3710 soli
682 3653 798 3709 domino
815 3647 825 3734 ΙΙ
861 3649 865 3734 Ι
884 3654 973 3710 vitam
992 3652 998 3729 Ι
1017 3671 1132 3728 semper
1146 3653 1177 3710 in
1196 3654 1202 3729 Ι
1221 3653 1344 3711 saeculo.

384 3783 529 3868 Itemque
550 3788 660 3850 eadem
681 3787 802 3872 poitriu
823 3787 911 3852 haud
934 3787 1030 3851 dubie
1051 3791 1182 3868 (nomon
1204 3788 1239 3852 in
1262 3783 1438 3870 inscriptione

298 3910 363 3952 non
379 3890 520 3973 additur)
535 3893 576 3972 sd
591 3893 811 3988 Beldherdum
825 3893 860 3956 in
876 3895 940 3956 fine
954 3893 1102 3958 carminis
1118 3917 1151 3977 p.
1171 3897 1249 3956 272:

448 4017 530 4072 Have
549 4016 554 4092 Ι
574 4035 635 4074 care
653 4015 658 4094 Ι
678 4017 829 4085 crucicola,
851 4011 861 4099 ΙΙ
896 4013 900 4098 Ι
921 4018 1074 4076 salutatos
1093 4016 1098 4094 Ι
1118 4037 1222 4088 sorore,

406 4111 409 4196 Ι
427 4118 500 4175 Fine
516 4125 602 4178 tenus
621 4119 626 4197 Ι
646 4119 777 4192 feliciter,
798 4115 808 4201 ΙΙ
843 4119 848 4196 Ι
868 4120 975 4178 lamam
994 4113 999 4202 Ι
1019 4139 1101 4178 serve
1119 4117 1124 4194 Ι
1144 4119 1321 4194 simpliciter.

384 4253 536 4317 Winlridi
552 4257 600 4338 (S.
617 4255 786 4339 Bouiiscii)
802 4255 902 4340 ipsius
918 4255 1052 4339 epistole
1062 4253 1185 4338 poetica
1197 4253 1237 4314 ed
1249 4249 1435 4315 Nidhmdum,

298 4357 414 4441 scripte
436 4359 519 4425 circa
539 4383 568 4424 a.
591 4367 663 4438 720,
682 4361 795 4426 induta
815 4373 863 4426 cst
878 4363 988 4425 eudem
1004 4359 1114 4424 forma.
1148 4357 1233 4422 Sunt
1248 4355 1334 4442 primi
1348 4367 1436 4414 versis

298 4465 311 4526 l
312 4484 344 4545 p.
365 4469 437 4546 30):
