3004 5066
200 389 384 434 APPnnmx.
417 389 528 434 SEBMO
543 388 751 434 fflnnnnlcus
766 389 892 434 conlcls
907 387 1071 434 OAMARAO.
1140 373 1222 437 1005

75 561 131 604 som
150 538 345 623 dearpeotdih
367 537 429 602 iaci
447 537 543 602 tioedl
561 537 738 603 arohrucde
760 539 965 624 duunsurna
980 561 1034 602 ma
1048 540 1222 626 arfoimam

74 645 188 710 ommnit
198 667 270 708 oeus
282 643 401 708 martri
411 665 483 706 ocus
497 643 636 708 coiceath
647 643 797 708 creduut
807 644 908 708 amosi
917 643 1096 710 aaainddeir
1107 644 1223 712 oloile²

74 763 99 816 et
117 774 164 815 no.
181 773 259 815 cmx
279 749 372 834 cippo
392 771 411 812 a
432 749 575 813 cruciatu
590 749 706 813 dicitur
721 761 753 814 et
767 751 892 814 duobus
908 749 1010 813 modia
1026 771 1153 815 crucem
1168 755 1222 816 do·

72 858 139 920 mini
156 857 311 922 bellamus
332 877 406 918 oum
427 865 484 918 aut
504 877 561 938 per
582 854 814 919 abstinentiam
834 877 962 919 carnem
977 855 1152 920 efficiamus
1167 869 1224 921 aut

71 985 118 1048 per
135 961 371 1048 conpassionem
390 960 529 1044 proximi
551 961 774 1025 necessitatem
789 961 875 1024 illius
890 971 1033 1026 nostram
1047 981 1116 1024 esse
1129 972 1222 1046 puta·

71 1089 131 1132 mus
150 1069 202 1152 qui
224 1067 311 1132 enim
330 1066 471 1130 dolorem
486 1065 592 1130 exibet
606 1066 640 1130 in
656 1065 761 1130 aliena
775 1067 962 1132 necessitate
977 1089 1104 1130 crucem
1117 1079 1224 1150 portat

70 1173 98 1236 in
111 1185 209 1237 mente
224 1183 262 1236 ut
276 1172 392 1256 paulus
408 1170 453 1233 ait
467 1181 590 1254 portate
605 1171 726 1236 honera
740 1181 846 1236 uestra
861 1172 1000 1236 inuicem
1013 1172 1059 1236 sio
1070 1172 1224 1256 adimple·

70 1279 132 1342 bitis
152 1280 255 1364 legem
271 1277 338 1360 xpi.
357 1297 429 1340 cesta
445 1275 549 1339 uadem
565 1277 665 1342 danic
679 1277 862 1360 indepostol
866 1273 880 1313 ⁸
894 1277 968 1341 flete
983 1299 1057 1341 cum
1072 1279 1224 1342 flentibus

68 1385 217 1470 gaude[te]
242 1405 317 1446 cum
337 1380 552 1466 gaudentibus
574 1379 602 1444 si
622 1381 763 1466 patiatur
787 1405 889 1447 unum
904 1384 1084 1448 membrum
1098 1405 1223 1469 compa·

126 1666 149 1715 2.
169 1661 231 1716 “Et
247 1667 336 1714 sumat
354 1675 460 1713 crucem
478 1675 554 1713 auam
572 1667 600 1714 at
617 1666 746 1730 equatur
756 1679 809 1714 me.
834 1661 886 1716 Est
897 1661 964 1716 haec
975 1661 1120 1733 abnegatio
1133 1669 1225 1716 nostra

67 1748 186 1818 ipsorum,
207 1748 232 1799 si
250 1763 306 1799 non
326 1744 468 1798 obedimus
487 1745 682 1816 cupiditatibus
697 1745 797 1800 nostris
815 1754 843 1800 et
861 1747 884 1799 si
902 1748 1089 1802 renuntiamus
1107 1748 1224 1818 peccatis

67 1833 168 1898 nostrin
188 1838 233 1886 ast
250 1831 317 1884 haec
333 1831 433 1884 sumtio
450 1831 535 1884 orueis
553 1839 661 1884 nostrae
680 1830 709 1883 in
727 1849 786 1896 nos,
800 1831 824 1884 si
836 1831 997 1902 suscipimus
1009 1832 1222 1897 tribulationem,

67 1919 212 1988 martyrium
232 1925 260 1970 et
279 1916 491 1986 compassionem
504 1922 614 1986 propter
626 1915 773 1980 Christum,
787 1923 819 1968 ut
830 1916 897 1970 dicit
908 1916 992 1970 alium
1006 1925 1035 1970 et
1047 1935 1145 1971 nomen
1158 1935 1225 1972 orux

66 2003 154 2074 quippe
166 1999 238 2056 etc.''
261 2001 350 2064 Ocuri,
365 2017 447 2070 supra
458 2018 528 2054 ocus.
545 2001 648 2063 timoth,
659 2009 756 2065 sumat,
768 2002 880 2054 verbum
892 2011 1070 2056 memoratum
1082 2003 1153 2056 inter
1165 2021 1225 2056 sen·

66 2089 152 2141 tentiae
168 2088 196 2140 in
219 2105 247 2139 n.
265 2089 305 2139 15.
324 2086 531 2150 numentana,
546 2093 674 2154 sequatur
691 2103 742 2150 me,
763 2104 812 2156 pro
829 2088 1148 2154 cummutationem„
1163 2105 1224 2142 eum

64 2171 245 2225 terminatione
254 2189 294 2224 ·rs
304 2170 394 2224 minus
403 2169 491 2234 solita,
500 2187 550 2240 pro
559 2187 613 2239 qua
622 2170 668 2224 vix
678 2167 824 2241 legendum
833 2179 876 2225 est
883 2190 931 2237 -se,
942 2174 1109 2242 pronominis
1121 2177 1144 2226 1.
1153 2191 1224 2244 pers.

65 2266 121 2311 nota
136 2274 250 2328 augens,
265 2273 325 2309 cum
343 2255 379 2308 sit
398 2255 470 2308 clara
486 2255 596 2326 scriptio
612 2255 708 2308 literae
718 2275 743 2308 r.
757 2256 817 2322 raso,
831 2257 897 2310 alias
910 2257 956 2322 aa,
971 2259 1035 2324 ιἰΙιέ,
1049 2267 1081 2314 ut
1091 2277 1156 2313 mox
1168 2259 1224 2324 iaci,

63 2343 112 2408 ιἰιί,
130 2361 208 2415 pron.
230 2341 377 2394 demonstr.
394 2357 476 2394 maso.
489 2340 553 2393 lem.
571 2339 615 2410 (cf.
629 2357 656 2410 p.
673 2341 744 2412 89¹).
765 2341 872 2405 dilmth,
886 2342 1011 2412 negatio,
1020 2344 1165 2415 abnegatio
1179 2346 1224 2416 (ol.

64 2429 162 2501 pitin).
187 2425 341 2480 arndiltutd
360 2425 433 2476 duan
448 2425 586 2494 sanissin,
606 2425 750 2494 abnegatio
774 2434 866 2479 nostra
889 2426 1026 2496 ipsorum,
1045 2437 1077 2484 nt
1094 2449 1157 2484 mox
1182 2449 1226 2484 ar·-

63 2514 166 2569 ctruclta
177 2515 253 2568 daun
268 2511 306 2582 (p,
321 2513 380 2564 892.
396 2511 467 2581 893).
487 2517 636 2574 oometsam,
650 2509 784 2574 audimus,
800 2511 988 2580 obsequimur,
1009 2515 1084 2568 vorbi
1097 2516 1226 2586 simplicis

64 2601 177 2672 exempla
194 2597 297 2653 videsis
316 2597 344 2650 in
362 2595 450 2666 spicil.
465 2597 497 2648 B.
512 2614 539 2649 n.
554 2599 579 2648 9.
600 2595 754 2659 decrtolaib
769 2595 944 2664 usurpauit,
959 2613 1009 2667 pro
1027 2597 1108 2651 solito
1126 2599 1226 2654 datura»

64 2682 118 2748 tait,
131 2685 232 2754 ὤσῃ,
247 2683 266 2735 i.
280 2699 304 2734 e.
318 2682 416 2744 deort,
437 2680 529 2749 doarp.
546 2679 584 2750 (p.
599 2679 671 2749 598).
683 2679 850 2747 frs'atomam,
864 2681 1061 2747 renuntiamus,
1076 2691 1143 2754 puto
1162 2703 1225 2739 con-

63 2768 194 2823 terendum
216 2785 279 2822 oum
291 2766 373 2820 verbo
386 2766 466 2820 obvio
479 2765 508 2818 in
520 2766 586 2818 Wb.
601 2762 664 2818 33¹¹=
684 2763 802 2832 dcouitip
817 2764 1039 2832 taraiasadeisain
1053 2769 1168 2838 (juravit
1179 2787 1227 2840 par

63 2869 88 2904 se
105 2853 216 2924 ipsum),
236 2851 353 2905 demntia
372 2850 529 2904 taramriaed
548 2849 675 2920 (nobilior
694 2867 743 2920 per
761 2865 840 2918 quem
855 2847 981 2920 jurarat),
1002 2859 1030 2905 et
1048 2854 1227 2923 compositum

62 2955 116 2991 oum
128 2956 222 3010 praep.
229 2937 278 3006 sn'
288 2955 346 2991 essa
358 2935 564 3006 significationis
572 2935 708 3001 alp'urare,
718 2935 832 3001 decore,
841 2934 1004 2988 renuntiem.
1021 2934 1104 3000 tostii,
1115 2939 1225 3003 sumtio,

62 3024 141 3077 aubst.
161 3021 271 3078 verbale
288 3021 364 3075 verbi
377 3025 463 3091 bupra
476 3021 558 3084 obvii,
578 3019 694 3074 fem-ut
708 3019 799 3089 putat.
819 3020 964 3074 arctructe
981 3022 1165 3091 negligentius
1177 3041 1226 3095 pro

61 3110 198 3168 ammte:
220 3114 283 3178 post
294 3125 353 3172 arn,
368 3125 402 3180 ar
413 3107 485 3160 enim
497 3105 573 3158 nulla
584 3104 705 3158 infectio.
724 3104 839 3157 ammnit
848 3105 956 3160 videtur
968 3107 1040 3160 idem
1052 3107 1138 3160 subst.
1154 3111 1227 3179 quod

61 3194 185 3264 scriptum
198 3193 290 3246 imned
302 3191 463 3264 (tribulatio)
478 3189 596 3244 occurrit
607 3190 635 3242 in
647 3189 722 3254 Wb.,
734 3195 766 3242 ut
777 3189 848 3243 inira
860 3207 974 3261 sequens
987 3192 1041 3263 adj.
1052 3209 1111 3246 ame
1123 3193 1151 3245 in
1163 3195 1226 3248 Wb.

61 3285 98 3330 est
109 3278 187 3344 imdo,
203 3277 365 3332 derivatum.
384 3275 507 3340 eoicsath,
521 3275 607 3328 rubst.
622 3292 636 3328 e
648 3274 731 3328 verbo
743 3274 817 3344 quod
830 3275 900 3329 inira
911 3277 1048 3346 aequitum
1068 3279 1229 3331 curaecium

55 3363 168 3428 sn'cacd,
184 3372 219 3416 ut
236 3361 322 3416 cuivis
341 3361 519 3432 compatiatur
532 3359 727 3430 (succurrere),
746 3360 825 3413 radix
843 3367 886 3414 est
902 3361 996 3414 eadem
1014 3379 1083 3433 quae
1094 3361 1123 3416 in
1136 3381 1228 3434 supra-

61 3445 130 3500 dicto
146 3448 233 3502 verbo
253 3447 348 3501 tioaatd
363 3448 407 3517 (ιε
419 3446 559 3517 damiath)
574 3452 602 3499 et
613 3445 641 3499 in
656 3451 716 3498 asca
731 3445 774 3516 (ol.
789 3463 871 3518 supra
882 3445 915 3498 B.
930 3463 957 3498 n.
974 3446 1027 3517 15).
1048 3448 1173 3501 orcbruat
1183 3465 1229 3502 ne·

60 3531 194 3602 gligenser
213 3532 308 3602 procul
326 3531 410 3586 dubio
427 3549 476 3602 pro
493 3531 619 3596 arcdrs'at,
633 3537 665 3583 ut
682 3536 723 3584 est
739 3548 821 3602 supra
838 3538 866 3584 et
882 3530 961 3584 infra.
981 3531 1066 3584 cenail
1083 3533 1230 3587 asmndbeir

60 3616 144 3682 abab,
159 3623 194 3670 ut
213 3616 280 3670 dicit
297 3617 381 3682 alius,
401 3633 470 3687 quse
482 3615 647 3690 antecedunt
658 3622 725 3668 sunt
736 3616 819 3669 verba
831 3615 930 3670 Christi
942 3633 1090 3688 eorumque
1101 3618 1231 3691 interpre-

59 3702 133 3754 tatio.
159 3701 286 3756 Partaius
303 3719 351 3772 pro
366 3701 451 3754 amad
460 3700 528 3770 legit
539 3701 636 3764 ament,
650 3707 678 3753 at
689 3699 729 3752 ita
740 3708 852 3770 apparet
864 3702 945 3754 etiam
957 3701 986 3754 in
998 3703 1150 3756 imitatione
1162 3721 1230 3774 quae

59 3801 139 3854 penes
150 3805 198 3840 me
210 3793 253 3841 sat
260 3809 267 3851 ;
285 3785 334 3840 aed
344 3803 400 3838 non
413 3785 535 3851 dubium,
550 3786 617 3856 quin
628 3802 683 3838 vox
695 3783 731 3838 sit
743 3785 898 3856 conjunctio
910 3787 1127 3858 frequentissima
1138 3787 1228 3851 amad,

125 3961 152 4010 3.
177 3954 237 4010 “Et
253 3955 320 4010 dicit
335 3973 416 4026 porro
428 3951 594 4026 apostolur.”
620 3954 724 4021 Daniu,
739 3955 809 4010 inira
820 3955 863 4010 bis
874 3951 968 4021 danea,
983 3971 1071 4028 porro,
1086 3963 1118 4008 ut
1129 3961 1204 4025 patet
1216 3973 1230 4009 e

57 4049 201 4105 contextu,
215 4041 322 4095 videtur
341 4041 426 4094 forma
443 4039 613 4106 advaminlis,
628 4058 643 4094 e
659 4040 750 4094 radios
767 4041 880 4094 fortasse
897 4058 966 4112 quaa
984 4049 1026 4094 est
1037 4041 1066 4093 in
1082 4039 1229 4104 immund,

59 4127 141 4180 maa·
157 4126 207 4198 (ol.
220 4125 254 4178 B.
265 4143 293 4178 n.
305 4125 360 4195 28),
375 4132 403 4178 et
415 4124 521 4178 differre
532 4143 549 4178 a
561 4125 631 4195 conj.
645 4125 723 4191 dano,
738 4128 805 4180 dono
820 4127 857 4196 (p.
872 4126 946 4195 665).
960 4124 1110 4195 indopostol
1119 4141 1167 4194 pro
1179 4123 1231 4176 int-

55 4213 160 4282 apostol
173 4209 355 4281 (aucupantis
368 4209 462 4280 Wb.);
483 4211 585 4264 lormae
597 4210 808 4281 negligentiores
821 4209 927 4264 articuli
940 4211 1020 4262 etiam
1032 4209 1103 4262 inira
1115 4225 1232 4279 sequun-

55 4304 113 4350 tur=
136 4295 226 4350 detdic
244 4313 306 4364 corp
324 4311 373 4365 pro
392 4293 487 4348 intelle
504 4311 576 4364 corp,
590 4297 705 4365 napoiar
722 4313 771 4366 pro
789 4295 904 4364 angatur
915 4294 958 4349 vel
970 4295 1110 4366 suggetur,
1125 4303 1157 4348 ut
1168 4313 1232 4348 mox

54 4379 172 4452 legitur,
197 4381 254 4433 md.
274 4379 347 4434 noct.
367 4383 484 4450 apostol,
506 4380 720 4450 indplasmartre,
741 4397 790 4450 pro
808 4379 1012 4448 innoebapostol,
1034 4381 1230 4450 mammas-tre,

53 4466 173 4520 maduit
185 4465 318 4518 abramio
330 4481 380 4536 pro
392 4466 499 4532 denuit,
514 4465 610 4520 douaib
622 4465 761 4519 abstolas'd.
