2994 5052
312 309 372 373 IV.
392 315 421 371 3.
453 329 719 374 conruncrrorras
735 331 953 375 nrsnnnrcnrr.
1154 312 1216 374 665

136 476 236 542 Dim:
260 477 544 542 eiamdehaalatar
565 479 675 542 ilddlre
690 487 720 543 et
734 479 973 544 cennalabratar
986 479 1163 564 apiatferr
1177 482 1217 544 de

64 579 178 664 iafollns
193 585 262 648 dim
277 587 397 648 nanmd
411 584 521 666 ordra'p
537 585 653 648 ladrad
664 585 774 648 ilbelre
789 585 946 667 (quamvis
963 587 1098 648 audiunt
1113 585 1216 648 varias

62 685 176 769 linguas
196 701 230 752 et
253 691 430 773 loqurmtur
450 711 514 764 eas,
531 711 598 752 non
618 699 694 751 sunt
714 690 876 766 meliores;
901 691 1106 754 manifestum
1127 711 1213 772 ergo,

63 794 179 856 nonnisi
202 798 246 858 ad
269 795 513 859 ostentationem
534 805 583 856 est
604 795 692 876 loqui
706 795 807 856 varias
823 795 964 878 linguas)
980 797 1056 858 Wb.
1077 792 1139 856 12⁶.
1165 803 1217 858 aet

64 895 132 960 tate
155 902 320 984 wrsapod
343 901 435 964 maid
458 897 703 981 madaedoisped
728 899 843 982 dilynd
860 903 897 962 m'
914 901 1004 964 maid
1025 899 1131 964 driibsi
1150 899 1216 962 dim

64 1004 221 1088 candilynd
235 1008 295 1089 (gl.
313 1006 432 1069 sufficit
447 1005 496 1067 illi
511 1003 699 1086 objurgatio,
720 1051 727 1066 .
747 1051 754 1066 .
772 1026 790 1066 e
805 1005 961 1068 contrario
975 1005 1076 1088 magis
1092 1003 1217 1066 donetis

64 1119 90 1168 et
113 1111 336 1188 consolemini,
366 1116 396 1172 2.
414 1109 561 1174 Corinth.
581 1114 616 1184 2,
641 1116 658 1170 6
666 1133 675 1184 ;
704 1109 727 1172 i.
745 1131 773 1172 e.
802 1131 839 1172 ea
865 1111 1042 1192 objurgatio
1067 1111 1167 1185 bona,
1189 1107 1218 1170 si

61 1210 160 1293 juncta
174 1227 225 1278 est
239 1216 394 1290 remissio,
411 1235 476 1277 non
492 1216 576 1276 bona
591 1235 665 1296 ergo
681 1215 748 1276 sine
763 1215 961 1306 remissione)
980 1210 1043 1276 14⁶.

136 1321 243 1396 Dono,
259 1321 421 1383 interdum
443 1321 537 1396 dano,
555 1319 633 1402 quin
653 1319 749 1382 etiam
771 1321 874 1383 duam
898 1320 989 1382 arcio
1009 1321 1088 1382 dono
1105 1319 1162 1401 (gl.
1179 1329 1218 1382 ut

64 1422 130 1504 quid
143 1425 272 1488 autem?
288 1425 311 1487 i.
330 1445 358 1487 e.
376 1435 413 1488 ut
428 1423 505 1506 quid
519 1423 617 1506 igitur
626 1423 652 1506 i)
669 1425 745 1487 Wb.
765 1421 807 1486 2⁶.
828 1424 904 1486 hdre
918 1424 1146 1506 ronortiqestnr
1160 1423 1217 1486 dia

65 1529 166 1592 cedem
187 1529 331 1592 tuideebt
341 1529 429 1614 fries
445 1529 503 1611 (gl.
521 1551 540 1591 a
560 1529 619 1591 deo
634 1529 796 1592 ordinatae
811 1539 887 1592 sunt
901 1539 1084 1611 potestates,
1109 1528 1218 1611 itaque

64 1632 111 1713 qni
129 1634 249 1697 resistit
270 1634 421 1718 potestati
435 1633 486 1696 dei
501 1633 692 1696 ordinationi
706 1633 842 1708 resistit3
865 1633 886 1696 i.
905 1655 934 1696 e.
952 1633 1027 1716 quia
1041 1636 1119 1696 deu·
1134 1633 1217 1696 ordi-

63 1738 151 1814 narit,
168 1749 370 1822 potestatem,
385 1739 462 1820 quid
477 1760 550 1820 ergo
565 1739 708 1802 resistere
723 1739 785 1820 eit)
800 1743 841 1802 θ’.
860 1761 936 1820 cepa
952 1739 1032 1803 dono
1047 1741 1154 1802 edred
1167 1739 1218 1800 dea

64 1843 214 1908 natabat
236 1845 351 1925 dopool
368 1843 568 1906 inchrntlrsr'n
584 1844 642 1925 (gl.
659 1843 816 1927 numquid
837 1844 959 1906 Paulus
979 1843 1148 1906 crucifixus
1168 1853 1218 1906 est

64 1950 226 2028 provehis,
244 1960 302 2012 aut
317 1949 351 2011 in
366 1949 495 2012 nomine
510 1949 605 2012 Pauli
619 1948 771 2031 baptizati
786 1947 879 2011 estis?
898 1956 927 2010 1.
945 1947 1090 2012 Corinth.
1112 1955 1140 2024 1,
1158 1953 1214 2022 13;

65 2051 83 2113 i.
99 2054 217 2136 aquid
233 2075 308 2136 ergo
323 2053 539 2116 adorationem
553 2053 605 2116 dei
619 2055 693 2116 dare
709 2053 810 2116 Paulo
825 2053 884 2116 hoe
899 2053 1026 2136 model)
1044 2050 1086 2115 7⁶.
1108 2053 1216 2134 ciapu·

65 2156 135 2218 dono
150 2160 214 2222 dria
229 2159 366 2239 indarpe
378 2158 482 2240 peina
498 2157 699 2222 inchratlcin
710 2158 777 2220 arr's
789 2158 884 2222 innon
897 2158 976 2222 ireas
989 2157 1216 2241 nodoafirr‘anr‘-

63 2264 153 2342 pedor
174 2264 232 2348 (gl.
250 2265 407 2346 quomodo
428 2274 539 2346 gentes
559 2263 645 2345 cogis
663 2261 844 2346 judaizare?
867 2285 924 2327 nos
947 2263 981 2326 in
996 2263 1124 2327 Christo
1139 2263 1218 2326 Jesu

65 2365 210 2429 credimus
225 2379 264 2430 ut
274 2369 488 2450 justificemur
498 2391 537 2432 ex
549 2371 611 2430 fide
624 2379 656 2431 et
668 2391 734 2430 non
746 2367 943 2451 exoperibus
955 2367 1045 2450 legis,
1061 2369 1168 2432 Galat.
1184 2373 1214 2443 2,

70 2476 117 2545 163
139 2473 161 2532 i.
178 2493 207 2534 e.
225 2473 303 2555 quid
325 2495 398 2556 ergo
419 2484 528 2536 nostra
547 2473 749 2536 exheredatio
769 2473 914 2555 gentium
933 2473 993 2536 hoc
1008 2472 1121 2538 modo?
1142 2495 1218 2536 nam

66 2585 108 2637 est
129 2579 236 2640 eadem
262 2580 340 2640 fides
367 2600 448 2660 quac
473 2599 532 2640 nos
553 2577 722 2659 justificat)
749 2582 809 2640 19·.
842 2580 879 2640 m'
903 2578 974 2640 loar
999 2577 1240 2642 indendachad.

68 2677 331 2746 dammalnactae
355 2684 393 2745 ni
417 2684 486 2745 lonc
512 2684 595 2746 dono
620 2682 908 2746 innebmoldachad
931 2683 1021 2744 mani
1039 2682 1218 2746 tendantne

68 2785 117 2866 (gl.
129 2787 377 2870 hospitalitatem
389 2799 556 2864 sectantes,
570 2786 746 2850 benedicite
758 2797 790 2849 et
801 2788 899 2850 nolite
910 2787 1108 2862 maledicere,
1119 2789 1214 2850 Rom.

71 2895 112 2964 12,
129 2899 182 2966 143
201 2891 221 2954 i.
237 2915 265 2956 e.
283 2915 348 2956 non
365 2893 483 2956 sufficit
497 2891 692 2968 benedicere,
707 2891 734 2954 si
748 2892 921 2967 maledicis,
935 2913 1001 2954 non
1015 2890 1133 2954 sufficit
1144 2912 1217 2974 ergo

67 3015 123 3056 non
136 2997 331 3072 maledicere,
346 2998 372 3060 ai
387 3019 453 3060 non
468 2996 641 3076 benedicis)
659 2993 701 3058 5¹¹.
722 2996 792 3060 illes
809 2999 891 3059 dono
906 2995 1055 3080 indanpil
1068 2996 1125 3078 (gl.
1144 3017 1218 3058 cum

67 3097 171 3162 iterum
192 3101 366 3164 introducit
380 3101 627 3184 primogenitum
642 3099 677 3162 in
692 3103 799 3164 orbem
814 3113 912 3164 terrae
927 3101 1020 3164 dicit:
1040 3111 1071 3163 et
1086 3102 1218 3162 adorent

67 3223 131 3265 enm
144 3225 249 3269 omnes
265 3207 382 3289 angeli,
401 3208 502 3269 Hebr.
521 3214 549 3282 1,
566 3213 603 3281 6;
621 3206 643 3268 i.
659 3228 687 3267 e.
706 3217 782 3268 sunt
797 3207 882 3289 apud
897 3228 970 3270 eum
985 3205 1083 3288 igitur
1097 3205 1217 3288 angeli)

28 3365 29 3370 ,
70 3311 123 3369 32⁶.
139 3310 259 3374 isirlnm
275 3311 421 3374 indanim
437 3313 476 3374 do
493 3312 577 3375 thail
591 3313 645 3374 dee
662 3311 878 3394 dodiuspadar
893 3314 980 3376 dana
995 3311 1139 3374 r'ndanim
1156 3312 1218 3391 (est

68 3425 178 3491 promta
192 3416 296 3478 anima
311 3418 352 3478 ad
366 3418 563 3479 voluntatem
579 3415 640 3492 dei,
659 3418 849 3498 expergefiat
867 3438 940 3500 ergo
955 3417 1075 3498 anima)
1093 3421 1134 3478 5⁶.

143 3519 204 3582 His
222 3521 302 3584 forte
324 3523 562 3584 adnumeranda
583 3531 726 3602 estpars
747 3521 900 3603 posterior
920 3521 1032 3602 (arico,
1052 3521 1154 3602 riost)
1170 3542 1217 3583 se-

69 3623 219 3700 quentium
244 3626 453 3688 formularum
481 3626 762 3708 interrogantium:
789 3626 905 3689 oiaricc
925 3626 983 3709 (gl.
1010 3626 1086 3709 quid
1107 3625 1216 3707 ergoi)

70 3725 134 3788 Wb.
153 3733 193 3790 3⁸.
210 3727 252 3792 3¹³.
277 3731 376 3793 cericc
392 3733 449 3814 (gl.
472 3732 550 3814 quid
570 3731 679 3813 ergoi)
697 3736 737 3792 3⁶.
763 3731 880 3794 cerriw
902 3731 959 3812 (gl.
986 3731 1064 3812 quid
1085 3729 1217 3814 igiturl)

70 3829 117 3912 sg.
136 3830 215 3897 lttl.
243 3835 399 3899 crciariec
426 3838 484 3920 (gl.
510 3837 587 3918 quid
616 3835 734 3918 enimi>
750 3836 826 3898 Wb.
846 3841 887 3898 2¹.
919 3835 1037 3898 orcirr'e
1059 3835 1116 3916 (gl.
1141 3834 1218 3916 quid

70 3936 177 4020 enimi)
192 3942 243 4004 Cr.
262 3938 327 4003 33⁵.

144 4045 175 4106 d.
198 4047 300 4122 ACT,
325 4047 471 4122 NocH,
497 4047 720 4123 CAMMAIB,
747 4048 813 4110 IM.
832 4049 913 4128 (sed,
939 4057 1057 4122 autem,
1081 4045 1214 4123 tamen).

70 4147 135 4220 Aet,
150 4148 306 4214 alternans
322 4174 395 4214 cum
410 4151 580 4234 scriptione
594 4151 670 4215 aelst
684 4154 784 4233 (sed):
810 4153 847 4215 ni
861 4152 930 4216 delb
946 4153 1096 4214 adrorsat
1109 4157 1161 4211 oct
1175 4147 1217 4210 is-

71 4253 222 4316 amulius
242 4257 329 4319 delle
343 4257 401 4340 (gl.
418 4256 551 4339 gloriam
572 4255 622 4318 dei
644 4256 677 4319 in
693 4257 936 4320 similitudinem
950 4253 1098 4337 imaginis
1114 4263 1217 4315 muta·

72 4369 188 4431 vernnt;
212 4359 234 4420 i.
250 4383 278 4423 e.
295 4383 360 4426 non
380 4361 551 4444 imaginem
573 4363 755 4438 adorarunt,
773 4365 829 4425 sed
848 4360 1090 4424 similitudinem
1106 4357 1217 4439 imagi·
