2978 5054
299 361 362 425 890
513 366 574 430 VI.
596 373 625 430 1.
656 385 881 433 consonucno
896 385 1041 432 nonnos
1056 387 1249 432 nrnrnnrcr.

382 529 543 598 Videntur
563 557 632 600 esse
655 537 688 600 in
711 533 762 601 his
781 537 915 622 vestigia
929 538 1049 622 proprii
1064 559 1168 615 casus,
1186 535 1319 602 ablativi
1334 536 1450 614 scilicet,

295 637 351 719 qui
370 639 467 703 etiam
489 642 721 708 terminationis
744 645 885 710 diversae
906 665 925 708 a
947 643 1170 708 terminatione
1190 643 1293 708 dativi
1313 641 1452 708 fueritin

295 743 486 827 quibusdem
500 747 661 832 primitus,
679 761 717 814 ut
732 751 766 813 in
780 751 893 835 lingua
908 751 1020 814 latina.

381 875 408 915 c.
430 853 502 938 Adj
513 856 739 920 octivorum
761 853 971 941 congruentia
982 877 1056 919 cum
1068 855 1278 919 substantivis
1289 856 1325 918 in
1337 875 1450 939 genae,

294 977 428 1021 numero
448 970 481 1022 et
499 981 574 1024 casu
590 973 638 1025 cst
653 964 763 1026 eadem
779 963 953 1040 hibernica,
971 975 1009 1026 ut
1023 963 1063 1025 in
1073 962 1145 1026 aliis
1159 961 1292 1044 linguis,
1310 973 1408 1045 atque
1419 962 1453 1025 lo

294 1083 351 1124 cus
372 1062 406 1126 in
424 1066 586 1130 communi
601 1069 837 1133 constructione
852 1082 925 1154 post
939 1067 1150 1132 substantiva.
1184 1067 1270 1130 Sunt
1286 1079 1398 1131 tomen
1410 1089 1453 1130 no

251 1241 254 1252 Ι
295 1169 391 1232 tanda
414 1175 569 1254 quaedam
590 1176 718 1260 proprie
739 1173 920 1240 hibernicae
941 1175 1073 1259 linguae
1093 1173 1128 1238 in
1150 1172 1210 1236 hac
1224 1173 1454 1237 substantivict

294 1271 441 1357 adjectivi
456 1279 672 1345 collocutione.

382 1389 410 1444 1.
444 1384 647 1468 Adjectivum
673 1387 776 1451 omnis
799 1383 946 1450 flexionis
969 1405 1081 1469 expers
1104 1385 1230 1471 saepius
1253 1385 1456 1471 praemissum

292 1485 456 1553 invenitur
476 1493 688 1557 substantivo.
722 1495 815 1556 Haec
834 1503 943 1556 sutem
963 1491 1156 1556 constructio
1172 1503 1221 1558 est
1235 1492 1370 1556 nonnisi
1383 1511 1455 1554 con
1488 1508 1489 1511 ’

292 1595 408 1680 positio
430 1595 579 1681 adjectivi
599 1621 674 1663 cum
693 1599 904 1675 substantivo,
929 1619 1026 1681 quem
1046 1610 1233 1662 consuetam
1252 1619 1326 1662 csse
1347 1597 1456 1681 lingui

292 1701 412 1765 celticis
433 1704 536 1788 magis
558 1725 654 1788 quarn
676 1706 759 1783 aliis,
777 1705 923 1788 exempla
943 1704 1037 1788 plura
1050 1704 1119 1789 jam
1134 1715 1324 1767 enumerata
1339 1707 1388 1787 (p.
1408 1708 1454 1766 ⁸25

291 1819 324 1872 ct
341 1813 416 1890 862)
433 1811 558 1874 docent.
591 1811 788 1896 Compositio
811 1811 981 1874 statuenda
1002 1820 1061 1886 est,
1086 1810 1232 1894 quamvis
1255 1821 1408 1894 separata
1423 1809 1454 1872 le

291 1914 379 1998 gitur
393 1927 529 1999 utraque
544 1937 606 1980 vox
621 1917 656 1981 in
671 1918 832 1982 codicibus
848 1917 1020 1994 interdum,
1039 1939 1067 1979 e.
1085 1939 1133 2000 gr.
1147 1939 1154 1978 :
1173 1916 1211 1980 oi
1220 1926 1296 1980 ortu
1312 1920 1352 1980 m'
1360 1917 1454 1980 nint..

292 2043 332 2085 or
347 2022 418 2085 unt
434 2023 611 2086 brt-'athraib
626 2025 827 2088 colobraetor
841 2043 887 2087 or.
902 2027 982 2104 (non
997 2022 1134 2086 altitudo
1147 2043 1215 2086 non
1230 2023 1361 2086 coelum
1372 2043 1457 2106 supra

292 2149 380 2192 soors
400 2130 496 2192 verba
518 2151 599 2213 quae
620 2131 747 2194 locutus
769 2139 818 2194 est
834 2129 996 2212 Christis)
1013 2131 1140 2194 incant.
1159 2129 1230 2213 sg„
1247 2149 1309 2212 pro
1327 2150 1369 2192 or
1384 2125 1457 2193 »ab

291 2235 480 2298 brt'otltroib.
510 2237 781 2321 Compositionem
795 2237 1003 2321 comprobant
1018 2235 1199 2300 iniectionis
1214 2255 1380 2300 consonae
1397 2235 1457 2299 nib

291 2341 423 2404 stantivi
437 2341 620 2425 incipientis
636 2344 728 2426 plura
742 2343 887 2426 exempla
903 2344 949 2426 (p.
972 2345 1058 2425 198).

375 2449 406 2510 A
425 2449 588 2511 communi
615 2450 726 2532 regula
744 2445 985 2533 postpositionis
1007 2447 1235 2532 adjectivonrm
1257 2445 1458 2532 excipiuntur

291 2552 444 2636 adjective
460 2555 707 2638 pronominalis:
727 2555 825 2619 clarile
834 2555 930 2639 juxta
945 2555 1009 2619 cilo
1022 2554 1248 2639 postpositum,
1262 2553 1332 2616 uile
1342 2553 1459 2638 signifi*

290 2681 366 2722 cans
389 2659 446 2722 lat.
465 2661 577 2738 omisis,
595 2661 708 2745 quivis,
728 2661 824 2745 juxta
838 2661 904 2726 uile
918 2660 1103 2745 significans
1123 2669 1216 2736 nau,
1233 2661 1322 2743 quod
1337 2671 1458 2744 postpo

289 2765 378 2828 nitur
392 2777 430 2828 ut
444 2787 530 2829 mere
545 2767 747 2850 adjectivum,
766 2767 842 2830 item
858 2767 945 2845 ccclv,
964 2767 1112 2832 cocidere
1127 2766 1274 2850 (quivis),
1292 2765 1382 2830 nack
1398 2765 1458 2848 (ali-

289 2872 392 2954 quis);
424 2893 560 2955 quorum
588 2873 734 2936 omnium
760 2873 906 2958 exempla
926 2873 1011 2938 inter
1031 2871 1221 2958 pronomina
1241 2873 1374 2957 prolata
1392 2885 1459 2937 sunt

291 2981 337 3061 (p.
355 2985 414 3040 363
428 2982 504 3062 sq.).
531 2979 746 3064 Excipiuntur
760 3001 852 3063 porro
865 2989 991 3064 praeter
1005 2979 1183 3044 numeralia
1197 2979 1379 3043 cardinalia
1393 2979 1458 3042 cin

290 3085 386 3169 plicia
408 3085 504 3148 etiam
526 3085 682 3149 ordinalia
703 3085 813 3150 affinia
834 3085 937 3169 magis
951 3083 1126 3170 adjectivis,
1145 3085 1343 3168 quibuscum
1357 3097 1460 3150 tamen

290 3193 421 3256 omnino
441 3193 611 3256 concordat
635 3193 735 3256 tdnise
750 3193 950 3274 (secundus),
968 3191 1130 3255 interdum
1146 3203 1178 3255 ct
1192 3191 1281 3255 citae
1296 3193 1457 3277 (primus),

289 3311 328 3363 ut
342 3300 488 3384 exemplo
503 3299 580 3362 item
591 3298 659 3383 jam
674 3299 770 3362 allata
785 3301 900 3363 docent
915 3303 962 3381 (p.
982 3305 1054 3360 315.
1075 3300 1163 3379 316).

376 3405 535 3490 Adjectivi
561 3405 640 3468 meri
660 3405 860 3469 substantivo
882 3403 1054 3489 praepositi
1073 3425 1146 3468 cum
1169 3399 1310 3466 flexione
1332 3405 1457 3468 unicrnn

289 3515 472 3598 exemplum
494 3511 576 3576 mihi
596 3510 733 3574 occurrit
752 3510 829 3574 hoc:
855 3509 934 3574 inno
956 3511 1071 3574 doercoe
1082 3509 1198 3594 sro'ich
1219 3509 1279 3593 (gl.
1298 3509 1457 3580 vaccinia

289 3623 311 3686 i.
329 3645 358 3686 e.
376 3623 489 3684 rubrae
504 3619 619 3701 ericae)
636 3618 692 3700 Sg.
712 3622 776 3681 49³.

376 3735 406 3791 2.
438 3724 605 3810 Adjectiva
636 3733 710 3806 post
740 3723 940 3788 substantiva
965 3721 1091 3786 numeri
1117 3721 1221 3786 dualis
1247 3721 1408 3804 leguntur
1430 3721 1460 3782 in

288 3836 389 3898 forma
411 3831 545 3917 pluralis
566 3829 703 3907 numeri,
721 3827 884 3893 hibernica
904 3839 942 3892 ut
961 3829 1128 3892 cambrics.
1161 3827 1322 3910 Exempla
1337 3839 1460 3891 vetum

289 3939 452 4004 hibcmice
473 3939 549 4002 satis
569 3949 669 4002 certa:
694 3937 756 4002 ctir
776 3937 818 3999 do
840 3936 949 4000 daiam
971 3935 1117 4000 cosntoilt'
1129 3935 1228 4016 (inter
1248 3935 1315 3998 duo
1329 3933 1460 3996 nornine

288 4047 419 4130 similia)
442 4045 498 4129 Sg.
524 4045 567 4108 do
589 4041 699 4107 droitb
720 4042 897 4127 cepeptaodt'
918 4043 997 4124 (duo
1018 4041 1150 4105 dmidoe
1172 4039 1367 4124 aegyptiaci)
1384 4040 1459 4103 Ἡ

282 4155 351 4240 jam
367 4175 463 4237 supra
477 4160 651 4217 memorata
664 4161 741 4212 sunt
757 4150 803 4232 (p.
822 4152 911 4230 178).

376 4269 405 4325 3.
431 4259 634 4344 Adjectivum
656 4256 725 4319 sinc
742 4253 943 4319 substantivo
957 4275 1014 4338 per
1029 4273 1062 4317 se
1077 4253 1183 4318 solum
1197 4251 1232 4316 in
1248 4251 1349 4317 forme
1365 4273 1462 4336 gene

289 4369 331 4432 ris
353 4369 500 4433 neutrius
521 4366 589 4428 loco
605 4361 797 4426 substantivi
812 4381 880 4425 csse
894 4371 1016 4444 potest:
1040 4360 1273 4426 dethrocccrsa
1285 4357 1461 4424 amausi·

290 4482 379 4560 (opto
400 4477 521 4540 bonum
536 4473 610 4554 hoc)
627 4471 702 4534 Wb.
724 4465 786 4531 14³.
810 4467 952 4533 andubeo
968 4465 1110 4550 (nigrum
1126 4467 1198 4545 hoc,
1215 4467 1238 4531 i.
1256 4490 1284 4532 c.
1302 4477 1463 4530 smmu-
