3004 5066
259 393 444 438 sensnum.
477 395 644 440 seneritas
659 395 785 440 corucrs
802 395 980 442 nrsnnnrcr
996 396 1055 442 un.
1160 377 1241 438 1065

69 544 224 620 solamen,
243 544 271 607 si
286 544 321 607 in
336 545 442 608 labore
457 543 619 608 communi
634 545 812 630 intelligam
827 546 909 610 mihi
924 557 956 611 et
970 547 1097 612 laudem
1112 557 1144 610 et
1160 545 1242 610 vitu·

67 651 268 736 perationem
284 660 390 715 tecum
405 674 472 717 esse
487 673 699 717 communem.
725 653 816 718 Vale.
969 653 973 660 ’

243 941 570 1005 Commentarius
592 942 634 1004 in
656 943 859 1026 psalmum
880 943 1066 1028 primum.

155 1125 303 1189 Primum
322 1128 483 1210 psalmum
506 1129 636 1213 quidam
651 1129 686 1192 in
700 1131 777 1193 Joas
791 1151 897 1214 regem
913 1129 1034 1193 dictum
1050 1151 1117 1194 esse
1133 1129 1241 1191 volue-

67 1243 158 1308 nmt,
177 1233 235 1315 qui
256 1233 403 1318 stojada
425 1235 569 1319 principe
590 1237 790 1298 sacerdotum
813 1247 844 1298 et
864 1236 1006 1299 nutritus
1027 1248 1075 1298 est
1097 1246 1129 1298 et
1144 1235 1241 1297 inter·

65 1338 151 1400 fecta
167 1337 318 1402 Athalia¹
340 1340 375 1403 in
396 1340 566 1425 imperium
589 1343 779 1424 subrogatus
795 1337 871 1418 est,²
892 1363 929 1404 eo
950 1337 1055 1425 quod³
1076 1363 1133 1424 per
1148 1361 1242 1402 omne

68 1459 209 1528 tempus,
227 1445 262 1507 in
284 1468 347 1529 quo
368 1447 552 1532 spontifice
567 1449 711 1510 eruditus
727 1449 823 1511 estin
839 1447 909 1530 lege
925 1447 987 1522 dei,
1005 1447 1176 1510 meditatus
1193 1455 1241 1508 est

65 1551 218 1614 noctibus
239 1575 275 1614 ac
296 1551 420 1616 diebus.
454 1554 517 1618 Sed
539 1575 604 1617 non
620 1553 773 1628 audiendi
788 1564 864 1618 sunt
880 1553 925 1629 hi,
944 1553 999 1636 qui
1015 1555 1055 1616 arl
1070 1552 1241 1616 excluden-

66 1659 143 1720 dam
159 1657 357 1738 psalmorum
372 1681 478 1723 veram
494 1660 724 1744 expositionem
739 1661 833 1724 falsas
849 1659 1075 1722 similitudines
1091 1659 1130 1720 ab
1142 1658 1241 1720 histo·

66 1763 113 1826 ria
129 1763 249 1846 petitas
265 1776 421 1828 conantur
436 1765 596 1830 inducere.
630 1767 797 1835 Quomodo
813 1766 898 1829 enim
912 1767 1042 1828 beatum
1057 1765 1154 1827 istum
1170 1784 1241 1848 pro-

64 1869 222 1932 nuntiare
244 1869 421 1954 potuisset*
443 1883 476 1936 et
497 1875 536 1936 ab
552 1874 640 1937 omni
655 1871 776 1937 errore³
799 1895 905 1936 amore
921 1867 1070 1963 virtutis⁰
1086 1871 1237 1944 alienum,

65 1977 119 2039 cui
141 1977 177 2039 in
201 1997 313 2059 regum
333 1977 422 2041 libris
444 1980 572 2044 nullum
588 1980 813 2044 testimonium
836 1981 875 2042 de
889 1979 1081 2063 perfectione
1097 1975 1241 2062 perhibe·

65 2083 142 2148 tur?
167 2085 209 2146 In
231 2082 346 2165 quibus
369 2084 414 2148 ita
434 2087 568 2149 dieitur:
601 2087 644 2150 Et
666 2085 740 2150 feeit
755 2088 831 2150 Joas
846 2097 969 2149 rectum
985 2097 1059 2148 ante
1075 2082 1241 2146 dominum

63 2189 220 2253 omnibus
233 2189 355 2266 diebus,
371 2191 486 2274 quibus
498 2192 713 2256 inluminabat
725 2214 798 2255 eum
809 2193 827 2256 J
832 2192 924 2276 ojada
934 2191 1090 2277 pontifex.
1116 2189 1241 2252 Verun-

64 2309 178 2359 tamen
203 2297 243 2358 ab
265 2294 419 2360 excelsis⁷
440 2319 507 2361 non
529 2299 676 2376 recessit,
702 2298 807 2362 adhue
829 2298 967 2383 populus
989 2296 1186 2361 sacrificabat
1206 2293 1241 2357 in

62 2397 234 2466 excelsis.⁸
267 2401 412 2466 Dicendo
434 2404 561 2488 itaque,
587 2406 736 2468 omnibus
759 2405 870 2467 diebus
894 2404 1010 2488 quibus
1034 2399 1241 2465 inluminavit

61 2531 141 2573 eum
157 2509 180 2571 J
182 2508 274 2590 ojada
293 2509 441 2593 princeps
463 2511 661 2573 sacerdotum
676 2511 752 2574 fecit
766 2522 889 2573 rectum
904 2521 978 2573 ante
994 2508 1172 2584 dominum,
1190 2505 1240 2569 in·

60 2617 165 2690 dicat,
185 2615 271 2697 quod
292 2614 422 2697 reliquis
445 2616 558 2679 diebus
580 2629 723 2680 cessante
738 2617 871 2700 Jojadee
886 2615 1067 2698 magisterio
1083 2613 1191 2676 feeerit
1206 2611 1239 2674 id

58 2724 152 2808 quod
177 2720 289 2804 primis
304 2719 583 2786 institutionibus⁹
604 2723 735 2787 minime
751 2723 944 2786 conveniret.
977 2719 1128 2784 Refertur
1143 2717 1239 2780 etiam

57 2831 95 2892 in
112 2828 232 2890 iisdem
247 2848 359 2909 regum
374 2827 474 2904 libris,
490 2831 574 2911 quod
586 2828 757 2892 Azahelem
772 2850 879 2912 regem
892 2827 1001 2912 Syriae
1016 2827 1056 2889 ab
1071 2825 1239 2908 impugna-

58 2936 153 2999 tione
164 2928 192 2968 ¹⁰
207 2933 413 2996 Hierusalem
427 2935 504 2998 Joas
519 2957 690 2998 munerum
706 2933 899 2998 oblatione¹¹
917 2932 1121 2998 submoverit.
1148 2933 1239 2998 Quae

57 3042 199 3126 quidem
220 3041 305 3102 dona
323 3041 362 3103 de
380 3041 498 3124 templo
514 3041 639 3105 sublata
653 3041 752 3119 misit,
770 3062 851 3124 quse
866 3041 954 3125 prius
970 3039 1082 3122 utique
1098 3039 1156 3102 deo
1173 3047 1239 3098 tam

56 3149 134 3236 ipse
157 3168 256 3231 quam
275 3167 364 3229 reges
384 3147 482 3224 Juda,
500 3145 533 3208 id
549 3157 607 3221 est,
625 3146 759 3230 majores
774 3147 854 3231 ejus,
873 3139 1096 3221 obtulerant,¹²
1118 3135 1239 3226 qu0d¹⁸

57 3249 215 3319 actum¹⁴
237 3252 378 3316 indicam
401 3253 452 3316 his
475 3249 620 3316 verbis.¹⁵
650 3255 778 3316 Bonum
800 3264 849 3317 est
868 3253 954 3316 enim
973 3274 1031 3315 nos
1047 3253 1087 3316 ad
1102 3247 1237 3334 agnitio-

57 3383 141 3426 nem
156 3359 204 3424 rei
218 3369 326 3442 gestae
342 3358 524 3423 testimonio
538 3357 684 3422 lectionis
699 3361 863 3424 accedere:
889 3361 932 3422 Et
947 3358 1067 3443 aceepit
1080 3358 1101 3420 J
1103 3378 1156 3421 oas
1171 3377 1237 3420 om·

57 3468 119 3532 nia
132 3477 257 3542 saneta,
268 3485 349 3548 quae
360 3464 572 3529 sanctificavit
584 3467 605 3528 J
606 3465 740 3550 osaphat
751 3477 783 3530 et
794 3468 815 3530 J
817 3489 904 3530 oram
915 3477 947 3530 et
955 3464 1121 3541 Ochozias,
1133 3473 1238 3546 patres

58 3575 135 3660 ejus
152 3591 243 3654 reges
254 3571 351 3647 luda,
367 3583 399 3634 et
414 3583 524 3634 sancte
539 3594 597 3636 sua
612 3583 645 3635 et
660 3595 754 3637 omne
769 3595 895 3651 aurum,
909 3573 994 3657 quod
1010 3572 1178 3635 inventum
1190 3579 1239 3631 est

57 3771 277 3783 ...ἁμα-...-

136 3893 200 3966 (Ml.
213 3894 264 3964 14¹)
292 3897 302 3948 1
321 3913 348 3948 .t.
363 3894 519 3950 iarnardlliu
531 3895 596 3948 inno
608 3897 788 3970 banstotlrasin
802 3897 954 3968 (interfecto
966 3895 1047 3948 estin
1061 3893 1134 3964 eod.)
1171 3895 1186 3944 2
1206 3909 1235 3944 .1.

56 3985 91 4036 νό
105 3980 222 4034 mrdned
272 3984 286 4034 3
307 3999 335 4034 .r.
350 3980 429 4033 seui-f
443 3981 501 4036 iaso
518 3982 691 4052 roqobodsom
705 3983 790 4054 lairipe
804 4003 832 4038 .ι.
846 4002 875 4036 eo
887 4001 914 4052 q.
927 3981 963 4036 rl.
989 3979 1079 4032 Aliter
1091 3977 1169 4031 isairi
1180 3977 1237 4030 iaso

56 4067 130 4120 robu
143 4064 309 4118 a'mnmireide
321 4065 437 4118 liataittu
448 4067 577 4120 insalmsa
589 4068 779 4121 deflorss'lbiod
789 4069 878 4122 doeom
889 4085 918 4120 eo
930 4085 957 4136 q.
970 4066 1005 4118 rl.

134 4157 149 4204 l
172 4171 201 4205 .r.
222 4149 307 4204 aecta
324 4151 510 4204 aatmsm‘bdia
526 4153 661 4222 eondesed
675 4158 723 4207 son
797 4159 812 4208 5
833 4173 861 4206 .r.
881 4151 990 4206 comtad
1005 4151 1114 4204 eelstran
1133 4166 1188 4201 som
1203 4149 1237 4200 leo

58 4236 252 4296 choma-main
287 4239 345 4289 6.ι.
360 4237 655 4309 eocarodeleoinpm'mu
665 4241 796 4294 eludentem
833 4236 1236 4292 7.1.tona2tidtart.1.tuare

59 4323 231 4382 {stratellam
244 4321 445 4376 mdmtnotiat
457 4324 504 4376 odi
545 4328 608 4378 sn.
623 4325 709 4378 enuit
723 4325 835 4379 telelorl
878 4328 943 4378 9.ι.
957 4322 1052 4376 donam
1065 4319 1235 4389 eltnaibsor-

57 4409 158 4468 detail
198 4412 228 4460 to
249 4407 413 4479 .r.clntopail
449 4413 474 4460 ll
499 4429 526 4462 .1.
542 4411 737 4480 fatersoelsraie
775 4415 805 4465 12
825 4409 1024 4464 .1.adrobertot
1061 4405 1237 4462 teranto

60 4504 93 4554 14
115 4495 290 4566 .1.ron9nltlr
330 4499 357 4547 lt
378 4515 406 4549 n.
420 4495 540 4550 aberam
