3056 5048
284 345 346 408 602
432 345 492 407 IV.
512 349 542 406 2.
579 363 859 408 rmnrosrrronas
874 363 1083 408 ursnurucsu
1098 364 1166 407 oon
1181 363 1290 407 socos.

282 511 558 576 iorct'ndindm'dt'u
575 521 746 576 oroneutm
761 512 819 594 (gl.
837 513 1013 576 secundum
1027 512 1294 596 exspectationem
1309 523 1342 576 et
1356 534 1447 596 spem

282 622 399 700 meam)
416 619 491 680 Wb.
512 615 576 680 23³.

366 723 504 786 Junctae
541 723 638 806 hujus
670 722 911 807 praepositionis
943 745 1017 786 cum
1048 723 1288 807 pronominibus
1319 724 1446 787 suffixis

282 829 427 912 exempla
446 849 513 890 non
533 839 714 891 occtunmt.
747 829 810 892 Sed
832 851 906 890 cum
923 850 963 890 ex
977 830 1087 891 eadem
1100 839 1292 912 prognatum
1306 829 1351 892 sit
1364 829 1446 892 deri-

281 933 408 996 vatione
423 935 495 997 adv.
513 933 618 996 iorum
633 937 774 1016 (postea3
792 955 824 1016 p.
841 937 929 1014 568),
947 933 1039 996 facilc
1053 933 1160 1008 etiam,
1178 943 1215 995 ut
1228 955 1245 995 e
1260 955 1369 1016 praep.
1389 955 1446 996 rea

281 1047 359 1102 sunt
378 1038 463 1102 rium
479 1041 567 1120 (ante
587 1041 651 1119 mo)
667 1048 742 1115 etc,
760 1038 874 1121 conjici
894 1047 1045 1121 potenmt
1066 1038 1218 1102 formulae
1237 1041 1343 1102 acram
1359 1042 1448 1122 (post

281 1147 358 1224 me),
376 1143 465 1207 iorot
480 1147 626 1226 (postte)
642 1153 702 1206 etc.

367 1254 397 1310 3.
422 1247 750 1332 Praepositiones
772 1258 959 1331 regentes
984 1247 1260 1310 accusativum
1281 1248 1447 1330 sequentis

281 1353 487 1416 substantivi:
513 1354 559 1430 ol,
584 1354 634 1430 lo,
644 1353 720 1437 fri,
739 1353 799 1430 tri,
822 1353 913 1430 sech,
939 1362 1007 1429 tor,
1031 1375 1102 1429 cen,
1121 1352 1277 1416 ommitted
1291 1356 1444 1434 (omma),

279 1465 360 1534 etar,
378 1459 497 1523 ector.

365 1563 424 1626 OL
439 1567 559 1648 (super,
577 1567 628 1641 de,
645 1567 798 1647 propter),
816 1562 939 1626 rarioris
961 1584 1055 1626 usus:
1079 1562 1113 1624 ol
1130 1561 1197 1626 ilco.
1215 1567 1270 1625 adn
1287 1563 1346 1644 (gl.
1364 1563 1445 1625 ceci·

279 1667 396 1730 derunt
410 1689 505 1750 super
519 1691 589 1744 me;
608 1670 648 1732 cf.
664 1672 705 1733 de
718 1669 823 1732 indeed
839 1672 889 1744 dn,
904 1667 1002 1730 remit
1013 1671 1080 1742 son,
1094 1689 1126 1749 p.
1138 1673 1211 1729 595.
1222 1671 1297 1748 609)
1310 1669 1389 1730 Wb.
1402 1672 1444 1730 δ’.

279 1771 368 1834 oldio
389 1771 564 1836 isdriotkor
583 1774 669 1837 insin
691 1784 742 1838 tro
758 1775 810 1854 (de
833 1774 892 1835 deo
910 1783 958 1835 est
972 1772 1032 1836 hoc
1046 1773 1178 1834 verbum
1192 1777 1280 1854 crgo)
1296 1773 1357 1834 Ml.
1378 1778 1443 1834 31‘.

279 1873 331 1956 cap
353 1875 445 1939 cett
468 1885 520 1940 tro
542 1879 606 1942 else
623 1879 733 1942 tmitt
747 1879 805 1961 (31.
824 1879 895 1940 volo
910 1889 1013 1940 vestra
1027 1879 1121 1939 verba
1136 1899 1232 1940 sensu
1246 1899 1317 1940 meo
1332 1878 1425 1960 loqui
1433 1903 1443 1954 3

279 1979 301 2042 i.
316 2002 344 2042 e.
360 1983 643 2065 quomodocunque
656 2005 730 2066 ergo
742 1983 853 2046 dehoc
863 1982 1024 2064 judicetis,
1038 1982 1111 2045 volo
1121 2003 1181 2065 ego
1192 1987 1270 2064 etc.)
1282 1983 1358 2046 Wb.
1377 1979 1443 2044 12¹.

279 2085 501 2148 Formularum
531 2087 800 2171 pronominalium
825 2087 959 2150 aliarum
984 2087 1122 2162 οῖὲτιίᾶε,
1151 2087 1290 2163 oleodin,
1318 2089 1446 2150 oltodt'n

279 2193 421 2274 (propter
442 2192 516 2272 hoc)
532 2193 677 2275 exempla
695 2193 764 2276 jam
783 2205 955 2256 memorata
978 2202 1054 2254 sunt
1076 2195 1123 2274 (p.
1143 2195 1230 2272 354).
1266 2193 1319 2254 An
1342 2194 1445 2256 addu-

278 2297 380 2358 cenda
400 2296 467 2358 sint
487 2297 583 2359 etiam
603 2299 639 2360 ol
659 2299 716 2381 (31.
735 2299 833 2378 ultra)
850 2297 905 2379 Sg.
925 2293 1000 2357 2171
1017 2307 1053 2359 et
1075 2297 1180 2360 indott
1197 2297 1254 2379 (31.
1273 2298 1369 2374 ultra,
1388 2300 1446 2360 ad-
1524 2323 1525 2356 t

278 2402 378 2476 verb„
395 2423 428 2484 p.
448 2405 523 2484 562)
540 2403 595 2486 83.
616 2408 700 2479 220¹,
718 2401 890 2486 quaeritur.
922 2401 972 2464 De
992 2403 1086 2464 verbo
1108 2401 1261 2464 defectivo
1279 2401 1313 2464 ol
1325 2401 1446 2466 videsis

278 2527 374 2588 supra
389 2509 435 2589 (p.
455 2510 543 2587 495).
1456 2547 1458 2552 ,

363 2613 432 2687 LA,
456 2611 557 2674 rarius
579 2613 655 2688 LE,
678 2625 753 2675 ante
775 2613 944 2675 articulum
959 2613 1059 2686 LAS,
1078 2633 1159 2694 quae
1179 2611 1277 2675 forma
1297 2614 1446 2693 putanda

277 2725 327 2778 est
347 2715 519 2798 primitiva,
536 2727 574 2779 ut
594 2738 642 2792 aa,
660 2739 704 2792 ce,
722 2737 740 2778 e
760 2716 876 2798 quibus
898 2727 984 2780 ortae
1006 2717 1124 2779 formae
1146 2738 1178 2792 o,
1196 2739 1223 2792 e,
1245 2717 1289 2792 la,
1308 2717 1349 2792 le,
1366 2717 1445 2799 quia

276 2837 351 2904 post
370 2822 428 2884 bes
448 2843 557 2885 omnes
580 2831 657 2885 sunt
678 2833 822 2904 expertes
840 2821 1020 2884 infectionis
1035 2841 1192 2884 consonae
1206 2833 1376 2903 sequentes
1393 2825 1442 2905 (p.

280 2930 365 3008 194).
398 2927 594 3011 Praepositio
617 2926 800 3009 significans
822 2927 878 2989 lat.
903 2929 999 3008 opud,
1017 2947 1098 3001 cum,
1124 2925 1371 3008 frequentissimi
1394 2937 1445 2990 cst

277 3053 364 3108 usus,
382 3011 655 3115 praesertim'cum
670 3029 910 3113 pronominibus
926 3029 1062 3105 suffixis,
1078 3051 1151 3092 cum
1167 3031 1282 3112 quibus
1297 3030 1395 3094 cessit
1407 3031 1443 3094 in

276 3135 382 3198 locum
401 3157 531 3219 praepp.
548 3159 605 3198 con
625 3147 658 3198 ct
678 3157 713 3198 oc
727 3133 775 3218 (p.
795 3142 867 3197 586.
884 3139 971 3218 594),
990 3155 1070 3216 quae
1091 3134 1126 3198 in
1147 3133 1306 3197 codicibus
1322 3135 1443 3198 nostris

277 3240 355 3302 cum'
362 3239 474 3302 iisdem
485 3241 725 3322 pronominibus
736 3262 803 3304 non
814 3250 994 3303 occummt.
1017 3240 1141 3304 Profert
1152 3239 1313 3302 interdum
1324 3249 1357 3301 et
1369 3261 1442 3302 sen·

276 3366 348 3407 sum
368 3367 477 3427 praep.
495 3366 534 3406 ar
556 3345 765 3426 significantis
786 3325 930 3426 latfpro,
948 3355 981 3406 et
1001 3345 1040 3406 do
1055 3343 1264 3426 significantis
1280 3344 1440 3408 dativum.

361 3450 533 3532 Exempla:
557 3451 683 3514 loctaco
705 3450 791 3514 insin
807 3450 864 3532 (gl.
882 3449 1195 3532 paulopostfuturum
1218 3449 1303 3531 quod
1318 3459 1351 3510 et
1365 3449 1442 3512 atti·

275 3575 349 3617 cum
369 3555 498 3631 dicunt3
521 3555 544 3618 i.
562 3577 590 3618 e.
607 3557 693 3638 apud
707 3554 831 3617 Atticos
846 3554 920 3634 hoo)
936 3554 992 3635 83.
1013 3559 1095 3615 147”.
1122 3553 1217 3616 isoiri
1234 3554 1367 3636 doroipu
1382 3554 1443 3618 dia

272 3659 374 3743 peintt'
386 3660 462 3722 hore
476 3660 626 3723 cordobae
642 3659 770 3722 minden
786 3658 911 3721 creitem
923 3657 1007 3740 (idco
1023 3659 1118 3741 clegit
1134 3660 1211 3721 deus
1225 3669 1348 3742 gentes,
1363 3657 1443 3740 quia

274 3764 423 3828 nonfuit
444 3766 529 3847 apud
549 3765 688 3827 Judaeos
715 3765 807 3844 fides)
824 3765 898 3826 Wb.
918 3759 961 3825 5¹³.
992 3761 1122 3826 euticie
1146 3763 1221 3824 dam
1249 3763 1281 3824 Ic
1307 3762 1444 3826 loitrtort'

275 3869 381 3933 anicia
397 3869 455 3952 (31.
473 3869 582 3932 Latini
601 3867 825 3951 antiquitatem
839 3870 1056 3948 servaverunt)
1073 3867 1128 3948 Sg.
1148 3863 1191 3928 5¹³.
1215 3865 1444 3930 indintert'ccdt

274 3977 343 4038 aad
354 3997 437 4038 rann
453 3975 537 4037 inste
552 3975 584 4038 lo
596 3995 693 4058 qrccu
705 3971 895 4055 (interjectio
910 3993 976 4034 non
990 3994 1062 4054 pars
1078 3971 1229 4034 orationis
1239 3972 1326 4054 apud
1337 3971 1440 4034 Grae·

274 4083 341 4158 cos)
365 4079 420 4162 Sg.
440 4076 505 4142 26¹³.
531 4077 699 4142 docrrcdet
720 4076 845 4140 distein
866 4077 1017 4140 nombicd
1033 4079 1142 4139 odrad
1162 4077 1212 4140 de
1234 4076 1355 4159 tepenti
1375 4077 1437 4158 (31.

274 4184 427 4268 scriptum
442 4195 507 4246 cst:
533 4193 661 4266 propter
674 4182 734 4244 hoc
749 4183 922 4244 confitebor
938 4181 995 4244 tibi
1011 4180 1221 4264 ingentibus)
1238 4181 1314 4242 Wb.
1334 4175 1378 4242 6⁴.
1405 4181 1439 4243 lc

274 4289 353 4352 nacla
367 4290 465 4372 (apud
488 4288 637 4370 aliquem,
655 4287 690 4350 in
704 4285 824 4369 aliquo)
841 4287 916 4350 Wb.
933 4287 977 4368 fq.
1004 4286 1081 4360 lose,
1099 4285 1183 4348 losse
1197 4285 1297 4368 (apud
1312 4283 1384 4360 hoc,
1403 4285 1440 4348 in

274 4391 344 4466 hoc,
363 4396 449 4473 cum)
467 4393 541 4456 Wb.
560 4392 615 4473 Sg.
633 4389 677 4473 sq.
710 4391 831 4454 Eadem
853 4389 1092 4474 praepositionis
1115 4389 1216 4452 forma
1237 4401 1311 4452 anto
1333 4391 1439 4454 varios
