3056 5048
289 301 351 369 634
531 307 591 372 IV.
611 313 642 370 2.
670 327 951 373 rnmnosrrlonss
967 329 1203 374 nnrrrnmosn.

197 531 200 540 .
288 499 309 541 α
331 477 421 563 llynn
435 499 479 562 Ψ
494 476 628 540 clidlowt
641 479 806 543 amdunt
818 482 960 560 (mensae
974 489 1067 542 erent
1076 478 1145 562 jam
1159 489 1299 562 paratae,
1317 491 1351 542 et
1363 480 1446 542 cibus
1504 473 1505 480 ἵ

287 597 447 666 potusque
461 584 661 646 abundanter
675 605 769 668 super
783 587 851 666 ees)
869 592 898 661 1,
917 589 990 646 263.

373 690 425 752 Ad
451 688 675 771 significandus
701 689 948 774 praepositiones
974 689 1090 754 latinas
1110 697 1261 772 propter,
1283 711 1366 772 per,
1388 711 1446 772 pro

288 795 443 860 combrice
465 816 505 858 ex
525 806 600 856 ente
620 795 704 858 dicta
724 796 868 879 propriae
883 795 1000 858 formae
1014 816 1196 878 progressae
1211 795 1372 872 videntur,
1393 796 1447 858 ER

288 912 321 964 et
336 903 412 977 YR,
429 921 564 983 quorum
585 899 662 962 haec
682 911 731 964 est
745 901 841 983 juxte
862 921 912 976 ar,
930 910 967 964 ut
988 921 1042 985 pm
1052 900 1148 983 juxta
1163 923 1225 978 am,
1244 913 1277 964 et
1291 903 1348 964 illa
1363 924 1445 966 vocs-

288 1008 353 1070 lem
372 1005 614 1089 praepositionis
637 1006 786 1068 infectsm
801 1007 862 1069 sibi
877 1005 1061 1069 vindicavit.
1094 1006 1255 1070 Differunt
1271 1016 1378 1070 temen
1392 1007 1446 1070 for-

288 1133 359 1175 mae
374 1122 485 1174 ouctae
500 1133 573 1174 cum
588 1110 828 1194 pronominibus
843 1111 979 1188 suffixis,
998 1133 1072 1174 oum
1085 1133 1126 1174 ex
1140 1134 1181 1174 or
1195 1114 1252 1176 fiet
1267 1135 1341 1189 arn,
1360 1135 1400 1178 ex
1412 1135 1447 1198 Ψ

288 1240 361 1280 vero
376 1219 441 1302 yrd
454 1220 505 1300 (ut
520 1219 589 1302 ynd
601 1228 632 1279 et
645 1237 700 1300 yn,
718 1216 778 1298 in).

374 1325 451 1386 ER:
475 1323 630 1407 mmepiy
647 1322 761 1410 arthur
775 1343 845 1384 mae
860 1323 906 1386 mi
919 1324 975 1388 ath
989 1343 1134 1409 cyrywys
1149 1345 1184 1386 er
1199 1325 1343 1408 rnryded
1352 1345 1447 1407 procs-

288 1430 421 1494 sonoeth
436 1430 521 1492 idaw
544 1431 584 1513 ef
593 1429 709 1510 (dicere
731 1429 824 1490 debes
839 1429 985 1506 Arthuri,
1004 1431 1088 1512 quod
1109 1451 1168 1512 ego
1188 1451 1260 1492 sum
1275 1430 1332 1512 qui
1347 1429 1448 1492 eicite

288 1546 416 1621 propter
431 1537 583 1599 honorem
598 1533 717 1596 servitii
732 1534 815 1616 ejus)
832 1535 919 1597 Meb.
941 1542 970 1611 1,
990 1541 1062 1597 244.

374 1641 453 1704 YR:
480 1639 595 1702 mediol
612 1639 701 1702 urolt
713 1661 751 1702 oe
765 1639 907 1724 kyffroes
921 1649 1018 1724 puteo
1032 1649 1090 1704 nat
1101 1663 1142 1725 Ψ
1156 1642 1274 1705 mediol
1284 1643 1448 1726 ymdonmo

289 1747 330 1831 ef
342 1744 561 1830 ydywedassei
573 1744 610 1808 ti
623 1745 742 1830 bynny.
759 1766 878 1830 nomyn
892 1767 933 1829 Ψ
945 1754 1108 1830 ΨίΨΨια
1123 1747 1241 1832 lcoryot
1254 1769 1295 1810 ar
1308 1769 1357 1810 wr
1372 1746 1451 1810 arat

290 1851 453 1935 (cogitatio
474 1849 536 1913 alie
557 1849 767 1934 expergefecit
787 1873 871 1926 eum,
890 1853 974 1933 quod
995 1874 1061 1914 non
1083 1863 1211 1936 propter
1230 1852 1450 1934 cogitationem

289 1958 371 2021 circa
386 1978 460 2019 eum
474 1955 617 2032 dixisset,
632 1977 722 2031 tuor,
737 1955 808 2032 hoo,
823 1957 878 2018 sed
890 1967 1018 2041 propter
1029 1979 1168 2021 amorem
1179 1958 1214 2020 in
1225 1959 1324 2021 elium
1336 1959 1448 2036 virum)
1504 2005 1505 2014 .

290 2065 379 2126 Meb.
399 2067 428 2140 2,
448 2069 499 2124 35.
524 2081 565 2146 Ψ
585 2062 725 2146 owelyck
744 2083 805 2124 noc
826 2082 866 2146 Ψ
888 2063 1052 2146 nquwycd
1068 2064 1185 2147 ornctfi.
1203 2086 1265 2126 noc
1278 2061 1452 2148 ymcdoeldi

291 2167 474 2252 drochmyn
490 2171 563 2249 (neo
584 2178 713 2252 propter
733 2169 817 2250 quod
839 2167 954 2230 videris
974 2191 1033 2230 nec
1054 2170 1282 2252 propterquod
1298 2167 1449 2232 audireris

290 2276 373 2338 circa
393 2297 455 2350 me,
473 2273 652 2353 revertaris)
670 2277 699 2348 2,
720 2277 772 2334 36.
798 2294 836 2335 αα
856 2294 896 2356 Ψ
914 2275 986 2336 duco
1002 2297 1041 2336 ac
1054 2296 1095 2358 Ψ
1108 2276 1151 2359 dy
1167 2275 1325 2358 syberwyt
1335 2274 1450 2359 proylle

290 2380 421 2444 wrthen
438 2383 578 2463 (propter
592 2379 688 2441 deum
699 2389 731 2440 et
742 2389 870 2461 propter
881 2377 1080 2442 honestatem
1092 2391 1191 2455 tuam,
1206 2381 1355 2444 miserere
1367 2381 1448 2464 ejus;

289 2507 329 2571 Ψ
351 2488 433 2562 duro,
452 2507 508 2568 per
522 2487 628 2556 deum,
646 2483 830 2547 obsecrandi
845 2484 981 2547 formula
995 2497 1027 2547 ct
1041 2485 1118 2547 olias
1134 2487 1239 2568 obvie)
1259 2495 1288 2563 1,
1308 2493 1382 2548 270.
1405 2508 1450 2548 occ

290 2591 392 2655 obeitd
411 2598 530 2675 pennyt
553 2591 579 2653 n'
592 2611 632 2652 ar
643 2589 749 2674 poffel
761 2591 804 2674 dy
819 2590 932 2673 ellwnq
947 2613 985 2652 ae
998 2612 1039 2674 Ψ
1054 2611 1111 2653 eor
1122 2613 1164 2653 -ae
1177 2613 1217 2675 Ψ
1232 2599 1352 2676 arpent
1366 2615 1403 2655 ae
1415 2613 1451 2676 Ψ

287 2697 377 2781 polet
392 2696 622 2779 pressennawl.
640 2717 679 2757 ae
699 2717 739 2779 Ψ
756 2703 888 2758 οααοεαι
909 2719 947 2758 ac
960 2697 1073 2780 ymlad
1086 2699 1180 2776 (num
1195 2717 1267 2779 spes
1283 2697 1354 2775 tibi,
1372 2697 1450 2780 quod

289 2815 516 2866 consecuturus
531 2801 575 2864 sis
590 2801 768 2864 libertatem
783 2811 872 2864 tuem
887 2801 936 2864 vel
951 2823 1007 2885 per
1018 2821 1133 2864 surum
1144 2801 1195 2864 vel
1206 2823 1263 2884 per
1273 2815 1448 2884 argentum,

290 2907 340 2971 vel
360 2927 417 2990 per
437 2909 558 2970 donum
577 2907 762 2990 pretiosum,
780 2907 831 2969 vel
851 2928 908 2990 per
928 2929 1072 2990 pugnem
1086 2917 1119 2970 et
1134 2907 1371 2970 contentionem
1379 2907 1404 2989 3)
1421 2912 1448 2983 2,

292 3020 364 3076 234.
388 3035 447 3076 nos
467 3013 593 3076 rodwn'r'
613 3035 669 3075 ouo
690 3020 781 3075 ettwa
802 3033 843 3094 Ψ
864 3033 884 3096 y
898 3013 1042 3095 pallsrei
1052 3033 1150 3096 porea
1164 3015 1245 3094 (non
1260 3015 1369 3076 durem
1383 3033 1451 3076 eum

290 3141 348 3203 pro
368 3118 488 3202 optimo
509 3139 601 3201 equo,
619 3137 737 3201 equum
758 3122 879 3199 meum)
898 3125 927 3194 1,
949 3123 998 3180 10.
1016 3117 1135 3202 welydr‘
1146 3141 1222 3203 yma
1235 3118 1285 3203 pt·
1301 3119 1403 3204 twytt
1415 3138 1452 3202 Ψ

291 3224 367 3288 ireit
380 3223 564 3308 bmdipedie
579 3225 664 3304 (ecce
680 3223 739 3286 tibi
752 3223 805 3285 hic
819 3223 1106 3286 remunerationem
1120 3246 1178 3308 pro
1193 3238 1361 3308 unguento
1375 3224 1451 3288 solu·

291 3329 366 3410 teri)
385 3337 412 3405 1,
433 3335 484 3391 30.
507 3349 548 3413 Ψ
568 3329 657 3412 rpdit
676 3328 760 3391 idaeo
781 3330 895 3413 prodeo
917 3329 1040 3392 donner
1054 3351 1075 3414 y
1087 3331 1221 3415 pyfoeth
1236 3331 1319 3395 edun
1335 3335 1403 3414 (pro
1417 3328 1451 3392 li·

291 3437 411 3498 bertote
426 3433 514 3497 dedit
528 3433 558 3496 ei
571 3433 740 3496 dimidium
754 3433 887 3496 dominii
902 3435 1036 3518 proprii)
1055 3442 1066 3496 1
1073 3483 1083 3512 ,
1103 3443 1155 3498 30.

375 3541 459 3604 Cum
481 3538 721 3623 pronominibus
743 3539 867 3603 suffixis
890 3541 1060 3604 formulae:
1089 3541 1174 3626 profi
1193 3564 1215 3604 α
1236 3543 1310 3605 duco
1331 3527 1452 3624 drmcy

291 3647 440 3710 medrerst
454 3647 525 3729 (por
539 3667 590 3708 me
606 3655 638 3708 et
652 3646 758 3722 deum,
773 3646 895 3708 molum
909 3647 1123 3730 perpetrasti),
1138 3670 1176 3710 ac
1189 3668 1230 3731 Ψ
1244 3649 1318 3711 doro
1332 3669 1371 3710 ac
1382 3646 1459 3730 pros

290 3771 395 3836 Ψιαεα
410 3773 476 3833 par
498 3751 535 3816 di
554 3753 695 3836 (propter
715 3753 812 3814 deum
833 3763 866 3815 et
884 3762 1013 3834 propter
1034 3771 1103 3828 me,
1129 3773 1205 3815 cura
1225 3753 1296 3834 tui)
1319 3754 1404 3815 Msb.
1424 3757 1451 3826 1,

293 3861 365 3919 267.
389 3867 462 3941 prot
483 3857 510 3921 n·
525 3857 572 3920 mi
584 3857 746 3941 odwpllof
755 3879 793 3919 ac
807 3857 934 3941 orodes
941 3880 962 3941 y
978 3857 1060 3920 eneit
1075 3857 1159 3920 idaw
1175 3857 1254 3921 deno
1270 3860 1410 3942 (propter
1423 3867 1452 3918 tc

291 3982 349 4045 ego
374 3962 545 4026 miserebor
566 3973 600 4025 et
618 3963 700 4026 dabo
723 3961 753 4024 ei
773 3960 872 4024 vitem
894 3961 954 4024 hec
975 3965 1081 4044 nocte)
1100 3969 1129 4039 1,
1146 3967 1220 4025 270.
1246 3985 1280 4027 or
1295 3964 1349 4028 oth
1363 3963 1453 4044 ναῶν

288 4089 399 4152 qwney
424 4067 532 4131 ditheu
550 4067 644 4152 profi.
663 4067 838 4150 kyssondcd
855 4069 1023 4152 trcpywyd
1037 4067 1187 4131 diwohan
1202 4070 1292 4152 auyd
1303 4089 1391 4154 yrom
1405 4073 1453 4129 cra

291 4193 362 4236 nom
384 4193 452 4257 tyro
469 4171 509 4253 (si
531 4171 667 4235 libenter
690 4181 726 4235 tu
741 4172 836 4234 facies
851 4172 942 4248 mihi,
961 4173 1157 4236 connubium
1171 4184 1361 4257 perpetuum
1375 4171 1453 4234 inse·

290 4277 430 4361 parabile
443 4277 503 4339 erit
517 4277 620 4353 nobis,
638 4299 734 4360 quam
748 4277 805 4339 diu
819 4277 936 4339 erimus
952 4277 1017 4338 rivi
1024 4301 1033 4352 ;
1052 4277 1093 4340 ef.
1111 4275 1236 4342 hibern.
1251 4291 1315 4342 vet.
1333 4274 1450 4348 obitui,

291 4380 407 4456 cirria,
423 4381 522 4458 robis,
536 4382 593 4458 eis,
607 4403 639 4465 p.
656 4390 729 4444 578.
742 4385 818 4462 579)
834 4387 864 4459 2,
880 4387 932 4444 46.
961 4383 1044 4446 Cum
1060 4382 1254 4448 dimmissn:
1272 4391 1331 4470 emt
1340 4377 1453 4466 ymen
