3082 5070
270 270 352 334 1128
766 289 938 337 Annnuns.

268 439 449 523 suaviuml)
466 439 522 524 Sg.
542 435 627 503 204⁵.
661 439 772 504 Plur.:
796 441 834 505 ni
854 440 965 504 riceim
979 441 1105 528 sorleas
1127 464 1148 504 a
1171 442 1285 508 cleosao
1301 443 1363 527 (gl.
1382 464 1449 506 non

269 541 345 605 estis
360 541 440 604 mihi
454 541 636 619 necessarii,
652 543 749 626 pedes
758 541 784 624 l)
798 543 874 605 Wb.
896 547 958 606 12⁸.

355 649 395 711 P.
414 654 488 726 272,
505 648 528 711 l.
549 654 600 720 27.
627 649 821 712 Addendum
836 649 963 712 videtur
977 650 1039 713 mil
1050 671 1107 734 pro
1122 651 1196 714 miti
1209 652 1351 733 (miles):
1372 652 1449 716 tan-

269 751 331 816 mil
343 753 401 836 (gl.
419 753 511 818 miles
526 753 659 837 femina)
675 755 731 839 Sg.
753 760 816 818 ὅδ’.
847 756 906 818 Est
920 756 1007 819 enim
1022 777 1088 819 acc.
1107 777 1155 841 sg.
1173 757 1452 843 milidesm'mc'lrii

270 861 346 924 Wb.
373 841 441 938 24⁸}
471 871 503 924 et
531 882 606 946 gen.
634 861 679 946 pl.
713 860 922 925 innamma'led
946 862 1022 924 Wb.
1052 867 1121 940 11⁸,
1150 865 1217 926 dat.
1251 862 1451 926 domiledoib

270 967 346 1030 Wb.
366 971 407 1029 3‘.

357 1075 396 1138 P.
423 1079 483 1135 287
494 1121 504 1150 ,
528 1073 551 1136 l.
573 1079 624 1137 15.
661 1073 912 1138 Terminationis
938 1072 1127 1158 superlativi
1152 1072 1188 1135 in
1215 1073 1334 1137 -s'mem
1362 1073 1452 1137 alind

270 1179 453 1264 exemplum
475 1181 568 1243 eMl.
590 1176 659 1243 14⁵:
686 1179 867 1244 innesomni
885 1181 953 1243 aad
974 1179 1122 1264 lupimem
1138 1179 1197 1264 (gl.
1216 1179 1452 1244 confidentiam

271 1307 337 1350 non
352 1285 518 1350 minimam
527 1311 537 1364 3
555 1307 660 1370 comp.
679 1285 806 1372 loiqiu).

771 1459 821 1520 Ad
839 1459 886 1520 Il.
907 1466 937 1520 3.

358 1615 397 1677 P.
417 1611 531 1688 313,1.
552 1618 602 1674 13.
636 1613 699 1675 Pro
708 1611 814 1696 flcket
834 1611 952 1694 legitur
967 1611 1064 1674 etima
1081 1611 1271 1676 FICHTE:
1296 1613 1449 1699 teorosai

272 1718 428 1804 tliflchte
444 1716 574 1802 (viginti
589 1727 652 1780 tres
666 1720 780 1801 venae)
797 1718 924 1781 Incant.
943 1718 999 1800 Sg.

197 1835 198 1839 ’
358 1828 397 1890 Ρ.
418 1824 532 1901 328,1.
552 1831 582 1886 5.
615 1825 704 1888 Mab.
724 1827 762 1901 2,
781 1829 837 1886 48:
862 1832 989 1906 petaoar
1010 1823 1120 1908 uqeim
1143 1823 1331 1888 marobotos
1352 1828 1449 1906 (octo-

271 1933 362 2017 ginta
377 1931 525 2014 equites).

773 2101 824 2164 Ad
841 2100 888 2162 Il.
908 2107 938 2163 t.

360 2258 399 2319 Ρ.
419 2261 492 2331 334,
510 2255 534 2318 l.
557 2263 605 2317 18.
638 2253 731 2318 SOM
753 2251 850 2316 etiam
872 2273 974 2336 genus
996 2253 1189 2317 femininum
1205 2253 1359 2318 indicans
1375 2255 1447 2338 legi·

274 2361 376 2426 turin
392 2363 469 2445 Wb.
489 2365 558 2423 30⁰:
585 2360 717 2444 dopniat
731 2358 809 2422 caci
818 2360 926 2440 pccad
939 2359 1209 2424 ueoooslooksom
1226 2361 1286 2443 (gl.
1306 2361 1447 2446 captiuas

274 2469 398 2531 ducunt
417 2465 621 2530 mulierculas
641 2477 787 2529 oneratas
810 2465 948 2548 peccatis
959 2489 967 2540 ;
990 2465 1013 2527 i.
1032 2487 1060 2527 e.
1087 2465 1210 2528 iaciunt
1232 2469 1448 2552 quodcunque

153 2601 155 2606 ’
273 2583 440 2658 peceatum
453 2570 658 2656 persuasione
673 2573 809 2654 earum).

359 2677 515 2748 Quamvis
546 2699 612 2740 non
633 2677 726 2740 obvia
747 2677 783 2740 in
804 2677 965 2740 codicibus
987 2677 1124 2752 nostris,
1146 2689 1195 2740 est
1218 2688 1331 2742 tamen
1352 2681 1448 2742 foruna

273 2783 471 2868 pronominis
492 2782 667 2868 personalis
690 2783 801 2846 tertiae
823 2805 975 2867 personae
997 2783 1130 2867 pluralis
1152 2783 1230 2846 IAT
1255 2789 1315 2864 (=
1337 2790 1394 2867 et),
1412 2807 1449 2848 er

274 2913 337 2974 qua
353 2891 506 2954 hodierna
521 2888 685 2952 hibernica
700 2899 732 2951 et
745 2888 866 2971 gaelica
881 2887 940 2952 iad
953 2888 1162 2952 usitatissima
1174 2890 1307 2972 prodiit,
1320 2891 1390 2976 jam
1402 2913 1449 2954 ve·

194 3019 197 3026 ·
275 3005 361 3058 tusta
383 2997 564 3072 statuenda,
581 3016 656 3057 oum
678 2995 718 3058 ad
739 2993 846 3058 literas
869 2994 1013 3078 singulas
1034 2993 1205 3058 conveniat
1225 2998 1350 3059 cambr.
1367 3005 1451 3082 wyai

277 3105 333 3183 (=
348 3105 410 3178 ent,
429 3123 469 3165 ex
484 3123 534 3188 aoy
549 3133 593 3154 =
607 3099 733 3164 hibern.
752 3102 779 3176 ὁ,
797 3112 830 3164 et
845 3109 896 3164 ·nt
906 3131 951 3154 ==
965 3099 1091 3163 hibern.
1110 3109 1148 3178 -t,
1166 3123 1209 3164 an
1225 3101 1449 3166 terminatione

275 3207 396 3271 verbali
413 3215 442 3270 3.
459 3229 544 3292 pers.
561 3205 695 3292 plani).
728 3207 812 3270 Cum
832 3205 953 3290 gaelica
972 3205 1075 3269 forma
1089 3205 1165 3270 aiod
1177 3205 1272 3270 obvia
1284 3207 1384 3290 juxta
1398 3207 1453 3272 iod

276 3313 426 3376 convenit
441 3313 537 3377 etiam
552 3311 708 3377 cambrioa
723 3311 842 3396 hwynt,
860 3311 1017 3397 hwynteu.
1044 3313 1176 3376 Formae
1190 3311 1380 3378 hibernicae
1395 3313 1448 3391 iat,

276 3427 329 3482 sat
349 3431 520 3482 occurrunt
540 3419 574 3482 in
597 3418 724 3482 Deirdr.
743 3419 792 3481 ed.
811 3416 943 3512 O’Flan.
961 3441 994 3502 p.
1017 3423 1088 3480 158.
1111 3423 1187 3481 162:
1214 3419 1248 3483 ol
1266 3419 1329 3498 ἰαί,
1352 3421 1451 3484 oleat

277 3523 442 3605 (dixerunt
457 3525 506 3607 ii).

363 3631 402 3692 P.
423 3637 503 3708 368,
528 3631 551 3694 l.
573 3638 622 3693 ll.
655 3629 852 3713 Negativum
873 3629 956 3695 noch
978 3631 1077 3694 otiam
1096 3629 1131 3694 in
1153 3631 1209 3716 Sg.
1230 3637 1278 3694 6¹:
1307 3634 1450 3697 drumm

277 3735 412 3800 deidati
431 3737 498 3800 aidi
516 3735 616 3800 enoch
623 3727 751 3822 sachun
767 3735 850 3800 cilio
864 3737 924 3821 (gl.
942 3736 1033 3800 nulla
1047 3736 1111 3801 alia
1125 3759 1233 3814 causa,
1251 3739 1450 3827 putabantp

277 3852 310 3906 et
323 3844 353 3906 a
366 3851 399 3906 et
411 3865 432 3922 χ
447 3841 650 3907 semivocales
665 3841 820 3926 quidam).

770 4013 820 4076 Ad
837 4013 903 4076 III.
923 4019 953 4076 2.

367 4167 405 4230 Ρ.
425 4174 498 4244 459,
517 4169 558 4231 ad
579 4165 699 4230 lineam
719 4173 753 4229 15
771 4167 917 4230 addenda
935 4177 1029 4230 nota:
1055 4169 1096 4232 In
1111 4167 1275 4252 frequenti
1290 4171 1390 4235 verbo
1394 4171 1448 4256 sc

280 4271 367 4356 tany,
385 4273 425 4336 de
440 4295 503 4356 quo
518 4273 653 4336 dubium
668 4295 736 4337 esse
751 4283 867 4357 potest,
884 4283 993 4335 utrum
1010 4273 1052 4338 sit
1066 4273 1282 4358 compositum
1298 4277 1446 4362 cumsm,

269 4377 346 4459 so,
370 4399 412 4442 an
436 4377 614 4442 derivatum
637 4381 683 4462 (p.
705 4386 776 4442 756.
797 4383 892 4460 845),
917 4378 1016 4444 etiam
1039 4381 1066 4444 si
1088 4382 1246 4446 sumenda
1270 4395 1358 4449 esset
1379 4405 1447 4466 -oap
