2978 5054
254 377 311 440 Vl.
331 377 361 436 2.
390 391 613 438 coruscantum
629 389 767 436 renasca
784 365 999 430 na1uannica'.
1134 365 1197 427 049

258 571 276 607 a
292 507 387 628 iserclt
403 549 434 606 in
450 547 561 606 sialuir
577 540 588 628 l
605 545 692 604 obem
709 539 821 624 ihyqur
837 541 840 624 i
854 543 919 602 lauit

257 674 275 708 a
292 651 373 710 lloscs'
381 650 465 726 pimp
481 649 548 707 kaer
564 642 577 730 Ι
591 656 638 724 oty
655 646 714 706 aeti
728 647 790 704 wir,

138 763 303 831 “Extollnm
318 789 373 846 ego
388 769 545 845 duplicem,
565 773 611 826 est
625 785 703 824 unus
718 773 749 824 et
762 765 831 836 duo,
851 773 897 824 est
912 771 971 822 tres
987 751 1066 821 etc.'’

123 920 203 983 lnfra
217 921 311 984 modo
325 919 467 982 inverso:

136 1066 303 1135 “listellam
318 1095 419 1146 unum,
439 1083 485 1134 est
499 1074 608 1150 duplex
624 1081 654 1132 et
667 1093 755 1143 unus,

138 1189 180 1237 cst
193 1180 299 1255 triplex
315 1197 402 1254 super
417 1197 481 1246 nos,
501 1183 546 1234 est
561 1176 634 1233 deus
649 1175 723 1250 ipse.

138 1282 216 1340 Fecit
230 1281 308 1338 diem
324 1280 428 1337 Martis
443 1289 473 1337 et
488 1280 590 1336 Lunae
606 1284 637 1336 et
650 1279 812 1336 masculum
828 1285 858 1334 et
874 1277 1010 1334 seminam
1027 1285 1082 1334 etc.

138 1385 204 1444 lecit
217 1383 345 1442 calidum
361 1389 390 1439 et
405 1381 542 1457 trigidum
557 1386 587 1438 et
601 1380 695 1438 solem
709 1387 739 1437 et
752 1380 852 1436 lunam
868 1365 947 1436 etc.’'

50 1532 138 1593 cadem
157 1553 248 1615 porro
273 1528 482 1594 enarrationis
497 1528 594 1612 longa
608 1539 640 1591 et
653 1527 813 1591 indefessa
826 1524 1077 1600 continuatione,
1096 1537 1133 1586 ut
1148 1535 1196 1586 est

50 1637 235 1700 anonantiae.

115 1743 193 1806 Sunt
212 1743 355 1806 membra
371 1740 512 1824 quinque
527 1739 733 1822 syllabarum.
765 1738 960 1803 Assonantia
974 1736 1081 1802 finalis
1096 1737 1194 1798 conti-

48 1858 128 1910 nuata
148 1859 193 1911 est
207 1849 350 1932 primum
364 1869 402 1910 ea
417 1868 474 1929 per
488 1855 626 1928 quatuor
640 1867 761 1922 versus,
780 1845 853 1910 dein
869 1845 884 1908 ι’
896 1867 952 1928 per
968 1865 1081 1918 unum,
1100 1853 1195 1925 atquc

48 1971 80 2012 aa
92 1962 120 2014 et
137 1953 187 2015 air
207 1953 328 2016 iterum
342 1951 533 2036 perplures.
566 1951 762 2016 Assonantia
775 1951 908 2014 initialis
923 1950 1069 2033 neglecta
1084 1959 1132 2011 est
1147 1949 1194 2010 in·

47 2057 161 2136 tardum,
179 2058 212 2121 in
227 2059 377 2143 pluribus
393 2069 500 2120 tamen
516 2055 608 2119 facile
623 2057 835 2140 cognoscitur.

112 2163 271 2231 Orationis
291 2163 407 2247 ligatae
430 2163 541 2254 eadem
562 2163 756 2228 constructio
779 2185 853 2226 cum
875 2163 959 2226 adsit
975 2173 1040 2226 tam
1056 2162 1195 2224 secunda

44 2277 127 2330 aetate
145 2267 277 2353 linguae
300 2267 474 2331 cambrione
491 2289 587 2351 quam
602 2267 716 2352 prima,
734 2278 772 2331 ut
785 2269 876 2334 adest
890 2269 925 2331 in
941 2267 1075 2332 vetustis
1091 2266 1194 2329 hiber-

43 2370 107 2434 nicis
119 2374 352 2450 monumentis,
369 2373 441 2456 quis
463 2374 637 2457 negaverit,
655 2395 726 2438 eam
746 2395 815 2438 esse
830 2373 1078 2439 vetustissimam
1094 2393 1194 2455 eaque

42 2499 100 2541 usos
120 2501 183 2544 csse
203 2491 350 2545 vetustos
372 2485 493 2562 poetas,
519 2501 652 2564 quorum
677 2479 808 2543 nomina
831 2481 916 2563 apud
939 2479 1091 2543 (lambros
1114 2479 1192 2542 colc-

42 2583 162 2663 brantur,
179 2586 397 2662 Aneurinum,
416 2585 635 2650 Taliesinumi

107 2693 275 2770 Aneurini,
289 2698 400 2776 poetae
416 2691 623 2756 vetustissimi
634 2691 719 2754 inter
730 2703 872 2758 vetustos
885 2692 982 2774 (inter
998 2691 1189 2778 Cynfec'rdd‚

41 2797 140 2862 bardos
162 2799 362 2883 primitivos3
388 2809 525 2862 aetatem
547 2797 615 2880 ejus
638 2799 678 2860 ab
701 2821 731 2861 a.
751 2805 811 2860 510
828 2801 985 2882 usquead
1002 2805 1062 2860 560
1079 2798 1192 2860 statuit

39 2899 118 2966 iudex
136 2910 304 2988 poetarum
324 2903 359 2967 in
376 2905 464 2988 Myv.
484 2903 616 2987 Arch.),
641 2925 768 2967 carmen
789 2903 980 2990 inscriptum
1006 2897 1192 2980 Godana*

39 3091 226 3102 ⁴*—·—-—--.·—-

92 3209 104 3234 ⁸
119 3207 288 3264 Postulanda
304 3216 347 3262 est
364 3209 475 3280 scriptio
494 3209 627 3262 hodierna
642 3210 781 3279 qododdt'n,
802 3211 820 3263 i.
836 3227 860 3262 e.
875 3209 1055 3279 subliquidus,
1070 3227 1086 3261 a
1103 3208 1189 3262 subst.

38 3291 82 3359 adj.
96 3297 184 3360 tcwdd,
206 3296 307 3366 liquor,
322 3293 452 3365 liquidus,
467 3302 496 3348 et
513 3294 620 3349 vetusta
636 3297 772 3364 custodia.
799 3295 924 3348 Occunit
943 3296 1009 3350 baec
1026 3297 1099 3366 apud
1118 3296 1193 3348 Nen-

37 3374 97 3430 nium
115 3379 142 3432 in
159 3381 272 3434 nomine
284 3362 404 3450 regionis
416 3398 433 3434 a
443 3397 508 3450 rege
519 3381 674 3435 nominatae
688 3382 741 3452 (ed.
757 3382 923 3446 San-Marte,
938 3400 964 3452 p.
980 3383 1036 3453 ῖ2)ε
1058 3379 1191 3435 “Mailcu·

37 3477 78 3514 nus
88 3482 197 3536 magnus
209 3483 259 3518 rex
272 3467 345 3536 apud
358 3465 497 3518 Brittones
508 3465 648 3536 regnabat,
662 3467 690 3519 id
703 3475 752 3532 est,
764 3468 792 3520 in
804 3468 916 3537 regione
929 3467 1114 3532 Guenedotee,
1129 3467 1193 3538 quia

34 3552 113 3602 iturus
131 3550 215 3616 illius,
231 3551 323 3614 idest,
338 3550 477 3620 Cunedag,
493 3567 554 3603 cum
567 3550 629 3615 tiliis
642 3553 707 3618 suis,
723 3570 837 3622 querum
850 3571 979 3606 numerus
992 3562 1053 3608 octo
1066 3561 1132 3618 erat,
1148 3571 1191 3605 ve-

34 3641 97 3686 neat
112 3637 187 3704 prius
205 3637 241 3690 de
259 3642 357 3705 parte
380 3633 584 3697 sinistrali,
600 3635 628 3688 iu
647 3645 697 3702 est,
712 3639 746 3692 de
757 3638 868 3708 regione
881 3657 950 3708 quae
963 3646 1073 3692 vocatur
1086 3639 1192 3692 Marica

35 3717 177 3772 onaan?
205 3723 284 3775 Haec
300 3722 377 3791 regio
396 3720 424 3773 in
443 3726 519 3790 parte
539 3719 677 3786 sinistrali,
693 3723 711 3774 i.
726 3740 749 3774 e.
764 3724 969 3794 septentrionali
984 3724 1057 3793 (cled,
1072 3722 1190 3786 sinister,

30 3803 117 3868 aba,
137 3806 317 3877 septentrio),
337 3824 354 3858 a
369 3805 536 3869 Venedotia,
558 3823 626 3875 quae
644 3815 686 3858 est
703 3806 827 3860 Cambria
846 3808 1080 3879 septentrionalis,
1099 3825 1191 3860 versus

31 3889 237 3954 septentrionem,
253 3891 376 3960 putanda
395 3897 437 3942 est
449 3889 624 3944 Cambrorum
644 3899 764 3945 exbema
781 3893 857 3963 regio
873 3894 901 3946 in
915 3893 1107 3964 septentrione,
1122 3910 1191 3961 quae

31 3967 98 4026 hodie
110 3993 220 4045 quoque
233 3975 333 4028 dicitur
345 3973 527 4028 cumberland
540 3975 591 4028 sita
597 3975 679 4044 juxta
691 3995 763 4029 mare
776 3977 952 4042 hihenricnm,
963 3987 990 4031 et
998 3973 1058 4049 jani
1068 3978 1096 4030 in
1107 3978 1190 4030 Chro-

32 4055 82 4108 nico
93 4059 305 4113 saxonieoada.
321 4063 381 4124 945,
399 4063 464 4111 1000
481 4059 670 4113 Cutnbrahzad.
696 4062 731 4114 Ei
744 4064 870 4132 opposita
882 4072 923 4117 est
934 4064 970 4116 ad
982 4064 1047 4116 litus
1060 4063 1191 4116 orientale
1283 4092 1287 4098 ·

30 4141 94 4208 regio
106 4145 259 4214 Anglorum
280 4144 531 4213 septentrionalium
551 4145 623 4198 dicta
635 4145 885 4201 Nerthumberland
905 4149 939 4201 ab
952 4149 1077 4202 Humbro
1096 4147 1187 4212 fluvio,

29 4223 103 4280 divisa
121 4230 148 4282 in
168 4230 289 4282 minores
309 4229 385 4293 duas,
401 4229 553 4283 Berniciam
573 4237 601 4284 ct
612 4231 722 4284 Deiram
737 4231 879 4301 (cambriae
892 4251 935 4304 ap.
949 4234 1088 4288 Nennium
1101 4235 1188 4298 Dear,

29 4307 147 4366 Banasa
161 4315 205 4368 vel
218 4315 369 4384 Biraes'clr).

84 4398 115 4451 ln
140 4399 174 4453 iis
200 4399 359 4469 regionibus
376 4399 528 4453 factasunt
545 4419 614 4470 quae
631 4419 738 4455 carmen
756 4403 807 4455 hoe
826 4403 952 4458 celebrat.
984 4404 1098 4474 Legitur
1118 4407 1190 4458 enim

25 4481 87 4547 {pud
98 4482 240 4538 Nennium
257 4485 295 4555 (p.
311 4487 371 4555 tn:
396 4482 466 4540 “lda
484 4486 556 4540 lilius
568 4487 665 4542 Eobba
683 4488 772 4542 tenuit
789 4491 914 4561 regiones
933 4492 961 4545 in
973 4490 1102 4546 sinistrali
1115 4499 1190 4562 partu
