3082 5070
254 447 440 496 arserunt.
475 451 641 496 sancturus
657 451 783 496 oomcrs
801 451 977 496 mauruuor
994 453 1044 496 cu.
1160 435 1241 495 1073

67 602 182 680 rantia,
211 601 407 666 eontrarium
429 603 550 664 mundo
573 601 700 684 agentia
720 623 862 678 cursum,
886 600 999 679 idest,
1023 602 1160 680 laevum,
1185 604 1241 668 illo

65 731 192 793 semper
214 708 250 770 in
265 709 377 771 dextra
391 707 567 790 praecipiti.
601 708 643 770 Et
660 705 804 790 quamvis
820 706 948 770 assidua
962 709 1167 772 conversione
1182 709 1240 773 im·

63 835 196 878 mensae
219 813 389 876 celeritatis
411 813 599 876 attollantur
620 814 660 875 ab
683 833 720 875 eo
734 811 962 896 rapianturque
977 813 1012 876 in
1026 835 1167 892 occasus,
1186 817 1240 880 ad-

64 943 156 985 verso
175 931 285 982 tamen
300 917 345 980 ire
360 929 449 982 motu
464 940 520 1002 per
536 941 609 982 suos
625 941 769 1002 quaeque
784 939 897 1002 passus
912 919 1133 998 advertuntur,
1152 945 1239 986 nunc

62 1025 216 1101 inferius,
240 1045 328 1088 nunc
349 1023 495 1108 superius
515 1035 644 1110 propter
668 1023 890 1108 obliquitatem
911 1025 1054 1109 signiferi
1076 1029 1236 1112 vagantia.

61 1131 178 1196 Radiis
202 1141 311 1194 autem
332 1129 408 1194 solis
427 1128 621 1214 praepedita,
640 1127 787 1194 anomala
803 1129 853 1194 vel
867 1133 1049 1216 retrograda
1064 1134 1114 1196 vel
1129 1135 1237 1199 statio-

61 1232 177 1302 naria²
193 1239 290 1300 fiunt.

150 1343 203 1408 De
225 1355 404 1426 temporum
427 1341 559 1405 ratione.
593 1329 746 1424 Ecapitc
762 1343 839 1406 XV.
872 1343 922 1406 De
945 1343 1041 1408 lunae
1063 1367 1159 1410 cursu
1180 1369 1237 1432 per

60 1451 169 1536 signa.
198 1449 294 1517 Quod
308 1448 336 1510 si
351 1447 421 1530 quis
437 1447 602 1530 signorum
617 1447 743 1510 nescius
755 1448 883 1512 lunares
896 1459 1002 1513 tamen
1014 1471 1126 1515 cursus
1138 1475 1235 1537 agno-

57 1555 172 1620 scendi
194 1555 331 1638 cupidus
355 1565 413 1631 est,
431 1553 555 1618 noverit
570 1564 602 1616 et
617 1552 685 1637 ipse
700 1553 799 1616 solem
814 1554 955 1637 quotidie
970 1555 1112 1640 partem¹
1137 1581 1234 1622 unam

56 1662 183 1726 zodiaci
200 1660 252 1724 sui
267 1659 422 1744 complere
438 1662 556 1742 (neque
571 1657 658 1722 enim
672 1659 761 1722 aliud
776 1671 881 1742 partes
896 1659 1026 1739 zodiaci,
1045 1685 1141 1746 quam
1157 1687 1235 1748 quo-

56 1769 203 1833 tidianos
224 1765 299 1829 solis
320 1765 355 1828 in
377 1765 463 1828 coelo
485 1767 635 1830 debemus
657 1765 775 1828 sentire
796 1769 1005 1849 progressus),
1029 1767 1139 1832 lunam
1161 1791 1235 1835 vero

55 1871 207 1957 quotidie
227 1873 319 1935 XIII
342 1881 447 1955 partes
469 1871 611 1956 ejusdem
632 1869 751 1934 zodiaci
771 1872 936 1948 conficere,
960 1872 993 1936 id
1015 1885 1074 1952 est,
1097 1887 1233 1958 punctos

54 1991 201 2064 quatuor
219 1989 252 2042 et
266 1999 364 2042 unam
379 1989 512 2061 partem.
545 1979 588 2042 Et
603 1976 678 2061 quia
692 1975 749 2040 illa
763 1977 854 2041 XIII
870 1988 976 2061 partes
992 1980 1171 2064 complente
1186 1982 1234 2046 sol

53 2107 159 2150 unam
175 2083 326 2168 complet,
341 2083 415 2146 inde
429 2081 509 2160 ficri,
525 2093 562 2146 ut
576 2105 642 2147 non
657 2083 730 2166 plus
742 2081 928 2167 quotidiano
941 2106 1110 2169 progressu
1122 2109 1141 2150 a
1152 2087 1229 2165 sole,

51 2213 156 2277 quam
177 2189 342 2274 quaternis
365 2189 510 2272 punctis,
536 2190 596 2252 hoc
619 2199 684 2266 est,
709 2189 864 2252 duodenis
886 2191 1030 2274 partibus
1051 2193 1229 2277 elongetur.

51 2291 187 2364 Ponat²
208 2317 282 2380 ergo
303 2295 415 2358 lunam
436 2295 570 2358 ubilibet
591 2305 775 2379 computare
797 2295 948 2375 voluerit,
972 2309 1084 2382 utpote
1106 2299 1140 2362 in
1158 2301 1228 2364 Cal.

49 2401 233 2470 Januarias
252 2399 387 2485 primam
396 2425 405 2477 ;
431 2399 509 2464 haec
531 2399 586 2462 ubi
607 2401 709 2483 prima
723 2411 852 2464 noctem
867 2402 1014 2486 diemque
1029 2405 1228 2488 transegerit,

48 2511 151 2574 illum
172 2507 253 2572 coeli
268 2507 374 2570 locum
390 2516 488 2584 tenet,
507 2527 602 2590 quem
617 2506 664 2569 sol
680 2507 771 2570 XIII
787 2507 906 2571 mensis
922 2507 1065 2591 ejusdcm
1080 2510 1130 2573 die
1145 2533 1229 2574 com-

47 2617 154 2701 pleto.
192 2613 256 2678 Ubi
277 2607 437 2676 secunda³
458 2621 516 2688 est,
534 2611 714 2695 multiplica
731 2614 796 2675 duo
811 2633 867 2696 per
882 2624 1029 2696 quatuor,
1046 2617 1131 2679 fiunt
1145 2627 1226 2680 octo.

47 2724 141 2786 Item
166 2731 206 2783 ut
223 2720 263 2782 de
278 2717 407 2803 punctis
422 2719 461 2780 ad
477 2727 582 2801 partes
598 2717 773 2800 pervenias,
792 2719 970 2802 multiplica
985 2719 1072 2784 VIII
1088 2741 1144 2803 per
1159 2722 1227 2799 III,

47 2831 141 2892 fiunt
152 2825 313 2890 XXIIII.
334 2825 430 2887 Illam
441 2845 515 2908 ergo
526 2823 606 2886 coeli
617 2837 740 2906 partem
753 2836 840 2890 tenet
850 2825 929 2889 luna
941 2827 1080 2890 secunda
1091 2827 1125 2890 in
1136 2849 1225 2910 quar·

46 2947 100 2999 tas
114 2933 233 2997 Nonas
245 2933 266 2996 J
267 2929 425 3007 annarias,
440 2951 535 3014 quam
551 2927 620 2992 sol*
636 2931 783 2994 XXIIII
794 2931 911 2995 abhinc
922 2931 973 2995 dic
985 2932 1138 2996 confecto.
1164 2933 1229 2998 Ubi

45 3039 150 3105 tertia
166 3035 245 3113 est‚⁶
266 3035 444 3120 multiplica
461 3037 515 3098 ΙΙΙ
531 3057 587 3118 per
602 3035 688 3112 IIII,
706 3035 789 3100 fiunt
805 3037 888 3115 XII,
906 3038 1023 3120 partire
1044 3059 1101 3121 per
1116 3040 1151 3101 X
1173 3041 1226 3102 dc-

42 3140 140 3210 cics⁸
155 3163 227 3206 asse
238 3140 364 3219 decus,⁷
376 3153 408 3205 et
419 3151 585 3204 remanent
596 3142 660 3204 duo
671 3141 795 3225 puncti,
810 3141 914 3220 idest,
929 3165 985 3206 sex
997 3153 1101 3227 partes
1109 3168 1118 3218 ;
1137 3143 1226 3208 illam

42 3271 129 3336 ergo
145 3247 228 3312 coeli
242 3259 365 3331 partem
381 3257 467 3312 tenet
482 3247 560 3310 luna
576 3247 679 3324 tertia,
695 3269 791 3330 quam
806 3249 853 3310 sol
868 3269 977 3311 mense
993 3260 1058 3312 toto
1068 3261 1102 3313 et
1112 3249 1225 3314 diebus

39 3358 98 3422 VI
117 3365 195 3440 post
211 3354 341 3418 tertium
356 3355 466 3418 Nonas
482 3352 652 3417 lanuarias
667 3352 797 3430 exactis,
815 3353 847 3415 id
864 3364 923 3430 est,
942 3355 992 3418 VI
1007 3367 1080 3439 post
1095 3356 1225 3420 tertium

39 3465 168 3529 Nonas
191 3459 377 3524 Februarias
399 3459 450 3522 die
472 3469 703 3522 consummato.
738 3458 801 3522 Ubi
824 3471 937 3541 quarta
959 3473 1019 3538 cst,
1043 3462 1225 3547 multiplica

39 3571 132 3635 haec
156 3589 214 3650 per
236 3567 321 3643 1111,
345 3568 430 3628 fiunt
451 3565 547 3642 XVI,
565 3564 682 3648 partire
703 3585 760 3648 per
781 3565 891 3628 decem
912 3565 1015 3631 decies
1030 3589 1099 3633 asse
1114 3570 1222 3646 decus,

38 3687 77 3741 et
102 3683 276 3737 remanent
298 3673 346 3736 Vl
369 3671 493 3756 puncti,
511 3671 544 3734 id
563 3681 623 3748 est,
647 3681 752 3754 partes
773 3671 808 3734 X
830 3682 862 3736 et
877 3672 977 3735 VIII.
1010 3673 1105 3738 Illam
1125 3673 1224 3758 igitur

37 3779 132 3846 coeli
155 3788 280 3862 partem
302 3787 391 3840 tenet
412 3775 491 3839 luna
509 3785 633 3858 quarta,
651 3777 810 3873 quamxsol
825 3799 933 3842 mense
948 3779 1074 3864 expleto
1090 3801 1126 3842 ao
1141 3781 1175 3842 X
1191 3791 1224 3844 et

35 3885 139 3953 VIII
156 3883 269 3948 diebus
291 3893 364 3967 post
381 3881 483 3966 pridie
499 3882 610 3947 Nonas
625 3874 807 3946 Ianuariae.
841 3883 904 3948 Ubi
927 3883 1040 3966 quinta
1061 3895 1120 3960 est,
1138 3884 1221 3946 mul·

33 4123 125 4178 mela
140 4119 227 4176 yn.
241 4119 330 4190 spatia
344 4125 357 4172 7
373 4119 458 4174 ‚Vin
475 4117 575 4172 leniri.
590 4118 645 4188 iope
659 4119 730 4189 plin.
740 4118 901 4173 amiseratis
913 4119 941 4173 in
953 4118 1172 4190 superierebatur
1187 4119 1221 4172 is·

32 4208 114 4264 naa'b
133 4206 245 4260 reinduit
256 4206 317 4276 soil
327 4207 395 4260 ldae
405 4203 483 4276 prtia
497 4221 525 4257 a.
539 4221 612 4258 iners
623 4203 690 4258 ιὀιιὼ
702 4210 828 4258 solumne
840 4205 874 4258 rl.
889 4205 941 4258 IN
951 4203 1057 4258 tricem
1070 4203 1088 4257 l.
1101 4203 1130 4258 io
1144 4203 1222 4258 erata

24 4297 126 4368 parte
137 4288 247 4360 εἶςπξΐσ.
261 4291 290 4344 ia
301 4292 431 4363 quadrato
445 4291 464 4344 l.
478 4290 506 4344 in
518 4296 615 4361 quarto
622 4307 686 4361 por.
700 4289 729 4343 in
741 4290 851 4344 odwao
863 4289 898 4344 rl.
954 4293 969 4342 2
989 4307 1018 4343 .r.
1031 4306 1094 4343 suas
1105 4289 1169 4342 carl
1180 4289 1219 4341 cll-

29 4377 187 4532 m'idle)
229 4464 291 4514 l.1.
305 4459 383 4516 loide
395 4461 485 4516 luitha·
499 4461 556 4516 beor
599 4461 690 4532 2cr'pe'
731 4459 908 4515 3.r.indoila
943 4467 957 4515 l
978 4481 1006 4515 .1.
1020 4461 1075 4515 cuit
1086 4459 1150 4514 inno
1162 4426 1224 4514 oilie

29 4547 207 4606 Tinneoile
243 4547 342 4600 biurio
377 4545 647 4617 6.1.o6ensodciolt
683 4545 876 4628 t.1.s'todeiclt

98 4645 168 4689 vor..
184 4631 224 4686 11.
976 4640 1014 4696 68
