2978 5054
227 394 285 458 VI.
305 399 334 454 2.
366 414 590 458 ooasraucrro
605 415 743 460 ronrrca
760 415 976 462 narranaam.
1122 401 1179 462 961

171 567 236 625 Ena
250 589 285 625 aa
301 569 424 626 boaret
439 591 483 628 ese
500 565 510 651 ΙΙ
527 571 566 628 ho
578 591 656 648 pano
672 571 741 648 byth
757 574 783 628 a'o
793 592 886 648 parys

170 669 231 728 Dm
245 692 350 730 naarow
365 692 418 748 rap
434 691 528 730 receoe
545 667 555 752 fl
572 674 684 750 nawytla
694 693 787 750 por-ys
803 674 891 751 nynia
907 693 974 749 asys

173 771 248 850 Cors
256 774 339 832 Jcsaaa
358 773 458 831 Garat
469 774 602 850 potretke
620 769 629 855 ll
648 777 713 834 thera
728 777 846 851 lapella
860 796 892 832 oe
906 776 984 850 dapis

168 874 235 950 Haq
251 895 268 931 a
282 875 351 952 haya
366 876 412 933 tte
426 876 563 934 crowetde
580 871 590 956 {l
605 897 663 953 yao
678 881 721 954 eff
729 897 747 933 a
762 897 793 934 aa
804 874 926 952 pays*

42 1015 185 1103 “losephus
200 1029 317 1086 Christo
333 1030 497 1105 composuit
511 1031 620 1087 femora
635 1037 665 1088 et
678 1031 796 1088 brachia
811 1030 917 1101 dulcia,

45 1129 115 1186 Modo
130 1138 160 1188 ut
174 1137 344 1188 consuetum
358 1139 429 1202 erat,
450 1141 537 1206 atque
554 1152 588 1190 ea
602 1133 723 1189 detersit
738 1153 820 1208 pure,

43 1231 137 1289 Circum
151 1234 212 1309 ejus
227 1252 333 1308 corpus
348 1233 438 1290 volvit
452 1253 582 1308 pannum
597 1233 716 1292 divitem
730 1235 761 1292 in
776 1234 877 1292 multia
892 1236 987 1312 plicis,

42 1333 72 1390 Et
82 1333 164 1391 Maria
176 1335 263 1410 plena
278 1335 371 1409 gratia
386 1355 453 1392 eum
468 1355 503 1392 eo
518 1335 609 1392 tristis
626 1343 656 1392 et
670 1335 804 1392 sollicita.

41 1483 74 1540 lbi
86 1485 176 1544 hortus
192 1493 253 1546 erat
267 1493 298 1544 et
313 1488 344 1544 in
358 1507 392 1544 eo
409 1488 575 1563 sepulcrum
590 1495 732 1563 paratum,

39 1587 76 1643 hd
86 1589 220 1647 hominem
231 1597 381 1646 mortuum
392 1590 601 1665 recipiendum,
617 1609 711 1665 nuper
721 1597 864 1664 paratum,
877 1611 935 1647 non
948 1597 1008 1649 erat
1020 1593 1085 1667 ejus
1097 1612 1179 1648 usus.

39 1689 130 1765 Corpus
144 1693 214 1749 Jesu
230 1691 342 1750 Christi
358 1692 394 1749 ab
410 1693 452 1749 eis
468 1693 505 1748 ad
519 1691 675 1750 locandum
690 1699 735 1748 est
749 1697 906 1766 portatum,

37 1789 67 1846 Et
78 1791 103 1847 in
115 1791 294 1868 longitudine
309 1794 346 1850 ad
361 1793 571 1867 quiescendum
586 1794 626 1850 ibi
642 1799 688 1850 est
702 1779 869 1850 relictum.''

101 1941 296 2006 Armorieum
311 1947 424 2026 poema
439 1943 537 2006 vitam
553 1943 587 2006 S.
602 1943 634 2005 N
637 1941 742 2005 onitas
758 1941 929 2005 dramatioe
945 1943 1060 2007 sistens
1076 1965 1182 2028 perso·

35 2042 72 2106 uis
96 2048 258 2128 agentibus
290 2069 467 2112 sermonem
489 2059 546 2111 aut
567 2047 743 2112 breviorem
763 2059 820 2111 aut
840 2048 1016 2132 longiorem
1036 2050 1184 2115 attribuit

33 2152 219 2234 compositum
242 2154 382 2237 strophis
405 2165 541 2237 quatuor
563 2153 613 2221 vel
636 2176 692 2217 sex
712 2154 764 2217 vel
785 2153 927 2237 plurium
949 2176 1110 2234 versuum,
1134 2139 1183 2222 in-

33 2256 134 2319 terdum
148 2258 244 2322 etiam
259 2260 447 2346 pauciorum
463 2283 560 2343 quam
575 2271 722 2342 quatuor.
751 2261 772 2322 J
774 2282 826 2322 am
842 2260 943 2324 editor
959 2263 1183 2328 animadvertit

31 2359 68 2439 (iu
85 2367 174 2446 praef.
193 2388 226 2449 p.
246 2367 395 2447 XXVI),
414 2365 447 2428 in
471 2365 602 2448 stropha
617 2377 753 2448 quatuor
767 2387 917 2430 versuum
932 2369 1116 2434 assonantia
1130 2393 1180 2434 eo-

29 2467 147 2549 putativa
162 2473 344 2536 alternante
358 2471 497 2556 primum
513 2493 639 2534 versum
654 2473 820 2535 concinere
834 2493 908 2538 cum
920 2473 1014 2537 tertio
1025 2486 1058 2538 et
1069 2497 1180 2540 seeun-

29 2573 89 2637 dum
108 2599 177 2641 cum
201 2588 328 2662 quarto,
345 2577 379 2640 in
403 2577 533 2661 stropha
555 2598 611 2639 sex
633 2599 783 2640 versuum
797 2577 937 2662 primum
952 2601 1025 2642 eum
1041 2585 1180 2646 seeundo

29 2693 53 2742 et
68 2683 185 2748 tertium
201 2706 277 2748 cum
293 2695 383 2747 sexto
399 2695 431 2747 et
446 2695 595 2766 quartum
610 2705 684 2746 eum
700 2683 824 2766 quinto,
843 2684 878 2746 in
893 2684 1023 2767 stropha
1038 2687 1179 2768 plurium

28 2805 153 2852 versuum
168 2813 225 2854 sex
239 2801 417 2874 postremas
434 2788 560 2852 tractari
575 2811 612 2852 ae
632 2790 659 2852 si
675 2800 781 2852 esseut
796 2789 943 2873 separati.

95 2897 209 2962 Versus
226 2897 431 2980 stropharum
446 2893 687 2958 constituuntur
702 2905 758 2958 aut
773 2896 863 2958 denis
880 2896 1010 2980 syllabis
1023 2908 1079 2960 aut
1091 2911 1176 2962 octo·

26 2999 79 3076 nis,
100 3005 195 3068 rarius
217 3003 315 3066 senis
348 3000 543 3064 Assonantia
563 3002 669 3064 finalis
691 3023 814 3085 semper
833 3012 881 3064 est
903 3002 1121 3084 monosyllaba
1141 3003 1175 3066 iu

25 3104 127 3172 duabus
147 3111 290 3186 vocibus,
305 3131 375 3171 rara
396 3130 452 3191 per
467 3107 573 3190 plures
586 3106 781 3170 continuata.
817 3109 946 3171 Praeter
961 3107 1174 3190 copulativam

24 3207 154 3291 lateralis,
171 3237 271 3300 quam
293 3213 437 3278 comitari
459 3214 539 3277 solet
561 3212 658 3275 etiam
679 3213 815 3288 interna,
834 3225 871 3275 ut
886 3213 919 3276 in
936 3213 1075 3276 carmine
1090 3238 1173 3278 cam-

24 3314 92 3380 brico
105 3321 141 3384 de
156 3321 273 3397 cleris,
293 3319 475 3384 dominatur
490 3342 546 3403 per
562 3329 664 3380 toturn
680 3319 739 3380 hoc
755 3319 876 3382 drama.

24 3469 211 3485 Ἢ--ς-

76 3578 134 3632 'ln
151 3581 257 3650 primae
274 3579 401 3650 strophae
417 3578 537 3633 seeundo
555 3595 635 3632 versu
652 3580 801 3634 immissum
821 3599 838 3634 a
856 3597 899 3634 me
910 3599 941 3634 va
953 3586 1008 3636 tam
1021 3599 1037 3634 a
1050 3589 1172 3637 constru-

20 3659 93 3715 rtione
111 3665 191 3734 qnam
210 3683 228 3719 a
245 3674 330 3719 metro
350 3665 511 3735 postulatur.
538 3664 677 3718 Vocabula
695 3665 785 3718 minus
798 3666 915 3721 usitatur
928 3685 947 3736 y
960 3685 1057 3732 arrow,
1071 3668 1173 3722 femora

19 3743 73 3811 ejus,
86 3749 154 3818 plur.
166 3769 277 3820 parrone
289 3769 305 3804 a
315 3768 392 3820 porr,
406 3749 506 3802 eambr.
519 3767 579 3820 par,
593 3767 690 3818 paron.
704 3751 785 3818 wbaa,
799 3768 867 3816 mos,
881 3752 1030 3806 secundum
1042 3751 1172 3822 interpre-

19 3829 130 3887 tationem
142 3836 279 3906 anglicam
291 3841 435 3899 vetustam,
445 3835 554 3888 aliunde
567 3835 700 3906 ignotum,
713 3856 809 3890 annor.
825 3836 886 3888 boas
898 3837 968 3890 Buh.
983 3841 1040 3902 142,
1053 3841 1092 3902 19,
1104 3837 1169 3890 hod.

18 3911 75 3980 lanz,
89 3918 193 3973 hibern.
208 3928 263 3974 rat.
278 3919 329 3972 be's.
344 3921 459 3974 towarcb
477 3938 526 3991 pro
546 3922 658 3974 broartla
678 3923 706 3976 in
720 3923 838 3976 editione
854 3921 1028 3992 (ef.p.'817).
1043 3922 1115 3990 tyra
1130 3939 1171 3974 se·

15 3999 133 4071 pulcrum,
152 4023 210 4060 non
230 4005 360 4058 haesitavi
378 4007 521 4060 restituere
540 4023 588 4077 pro
607 4025 662 4076 aya
680 4008 817 4073 editionis,
838 4006 960 4080 quamvis
978 4005 1043 4058 haee
1060 4005 1170 4076 scriptio

16 4083 102 4142 dadum
119 4091 242 4145 alluerit
256 4109 364 4144 neeesse
383 4100 433 4157 est,
448 4109 509 4145 eum
528 4091 649 4161 anglicae
667 4091 797 4146 versionis
810 4092 864 4144 duo
877 4091 982 4144 codices
994 4091 1170 4161 manuscripti

15 4171 146 4229 exhibeant
159 4177 234 4230 mala
246 4177 446 4231 construetione
456 4172 551 4230 “nov'‘
566 4185 595 4230 et
603 4174 697 4231 “not‘'.
724 4176 853 4231 Carnicae
866 4177 966 4230 formae
979 4175 1043 4244 byth
1055 4175 1098 4229 vel
1111 4176 1171 4228 beth

13 4261 164 4326 respondent
183 4261 286 4316 cambr.
301 4262 374 4327 bedd,
393 4277 491 4314 mmor.
506 4260 557 4314 bez.
575 4265 707 4331 patratio,
723 4263 794 4316 inter
814 4279 868 4327 eos,
889 4267 1049 4331 portatores,
1064 4261 1082 4314 i.
1097 4280 1121 4314 e.
1135 4262 1170 4314 ab

12 4338 52 4393 dt·
63 4348 190 4400 emotae
201 4364 252 4417 pro
269 4348 406 4402 wroweae
424 4347 552 4400 editionis
570 4347 715 4402 mendosas
732 4355 787 4402 tam
800 4347 948 4402 seeundum
961 4354 1076 4399 metrum
1089 4365 1169 4418 quam

10 4423 81 4482 fllium
92 4429 182 4486 locum
196 4435 241 4497 25,
255 4437 286 4486 3:
300 4450 340 4486 ow
352 4433 479 4486 wowatba
492 4432 606 4502 (jacens,
621 4433 650 4486 iu
662 4433 748 4498 lectam
762 4433 797 4486 ef.
810 4427 948 4501 eptitatos
957 4431 992 4501 l).
1018 4431 1092 4486 Male
1104 4433 1169 4487 item

13 4509 60 4574 lta,
76 4519 83 4566 1
96 4537 102 4568 =
121 4535 180 4570 aar
191 4536 229 4571 aa
239 4535 326 4586 protos
340 4519 382 4570 tte
393 4519 530 4572 wrowatlto
543 4518 588 4588 (ad
596 4519 743 4588 jacendum
756 4518 783 4570 in
797 4517 886 4586 cruce)
902 4525 997 4572 eontra
1008 4525 1133 4573 metrum.

52 4611 111 4654 von.
127 4602 167 4655 11.
923 4611 960 4667 61
