2978 5054
299 343 362 404 936
511 343 572 406 VI.
591 349 621 404 2.
654 361 879 407 oonsrnuccro
894 361 1034 406 ronrrcn
1049 363 1249 409 urnsnnrcr.

301 517 459 593 Cingulum
472 517 615 592 serpentis
627 516 777 593 cingulum
788 537 896 588 meum,
911 535 1031 594 serpens
1040 518 1203 588 circumest,
1215 538 1307 576 neme
1315 519 1440 579 vulnerent

562 620 626 690 viri,
641 639 679 678 ne
692 639 740 678 me
754 621 879 697 perdant
891 621 1039 690 mulieres,
1059 621 1096 678 ad
1111 621 1211 679 stellas
1226 641 1274 678 me
1290 623 1440 694 sublimarit

562 727 698 799 potenter
712 724 877 781 circumest.

301 822 385 880 Illico
406 841 489 880 meus
509 844 561 883 rex
583 826 671 883 etiem
693 843 728 882 ea
748 825 873 883 abscidit
893 843 962 896 rex;
987 825 1019 882 in
1041 823 1171 900 profanis
1188 823 1263 882 locis
1278 826 1444 883 suffodiebrn

562 929 706 986 mundum
719 946 828 985 meum.

301 1026 488 1086 Mucholmoc
509 1051 556 1088 me
578 1031 662 1088 duxit
681 1030 719 1088 ad
739 1029 967 1100 meditationem,
984 1030 1022 1087 ad
1044 1029 1212 1100 edentium
1236 1029 1305 1086 ideo
1326 1048 1371 1087 me
1383 1031 1445 1088 duxit

563 1132 632 1214 qnia
646 1139 691 1189 est
705 1133 821 1190 firmum
836 1131 986 1210 cingulum
999 1117 1132 1188 meum.'³

388 1298 473 1363 Sunt
498 1321 607 1364 versus
634 1311 772 1384 septem,
797 1299 900 1383 quivis
922 1301 1059 1363 duorum
1080 1301 1314 1378 membrorum,
1339 1315 1446 1386 excepto

300 1403 425 1488 quinto,
440 1404 495 1488 qui
511 1405 571 1469 tria
585 1407 727 1470 membra
740 1406 893 1472 continet.
918 1405 1081 1472 Numerus
1097 1405 1293 1492 syllabarum
1308 1419 1446 1471 certrnest

300 1510 431 1578 nonnisi
453 1511 488 1574 in
509 1512 612 1596 primo
631 1535 724 1576 versu
745 1524 778 1576 et
798 1512 924 1590 ultimo,
942 1512 977 1575 in
997 1511 1113 1596 quibus
1134 1513 1269 1595 quodvis
1291 1515 1445 1577 membrum

300 1628 410 1681 exacte
431 1639 489 1706 per
509 1619 676 1682 duodecim
696 1619 833 1704 syllabas
848 1617 999 1683 decurrit.
1031 1619 1192 1683 Versuum
1207 1618 1446 1683 intermedionru

301 1725 443 1787 membra
458 1735 566 1790 autern
581 1725 705 1788 variam
719 1746 853 1788 numero
867 1724 951 1788 inter
965 1735 1036 1788 octo
1051 1735 1084 1788 et
1098 1725 1277 1793 duodecim.

249 1807 256 1818 .
385 1831 580 1897 Aesonantia
597 1831 702 1896 finalis
717 1841 766 1894 est
780 1831 999 1914 monosyllaba
1010 1833 1235 1916 contraposita,
1249 1833 1345 1918 plena
1355 1833 1387 1896 in
1396 1855 1446 1896 on·

300 1936 408 2014 nibus,
426 1947 558 2021 excepto
580 1937 683 2020 primo
705 1958 809 2014 versu,
828 1935 884 2002 ubi
904 1948 953 2000 est
973 1936 1106 2002 dimidia
1125 1937 1160 2002 in
1181 1937 1355 2006 imuceedr'rt
1372 1951 1400 2004 et
1412 1939 1446 2002 ia·

301 2042 414 2108 emita.

385 2149 502 2212 Lineas
517 2148 731 2214 discernentes
746 2152 888 2215 membra
903 2161 935 2216 et
945 2149 1122 2217 indicantes
1134 2152 1351 2216 assonantiam
1363 2153 1447 2216 initie-

298 2257 363 2322 lem
378 2255 481 2332 omisi,
495 2277 537 2318 ne
552 2255 651 2318 nimia
665 2256 874 2320 multitudine
889 2257 1060 2342 deturpent
1073 2258 1270 2344 pobmatium
1284 2259 1446 2322 formosum.

300 2363 361 2431 Est
382 2361 469 2424 enim
485 2361 581 2426 etiam
594 2361 712 2426 initiali
727 2363 910 2427 assonuntia
924 2385 983 2428 nec
997 2385 1063 2428 non
1079 2363 1268 2428 intermedia
1282 2366 1362 2428 bene
1376 2384 1447 2426 orne-
1480 2361 1481 2364 ’

301 2483 380 2532 tum.
413 2467 552 2532 Initialis
574 2469 788 2552 contraposita
809 2469 933 2532 obtinet
953 2468 988 2532 in
1010 2471 1150 2534 secundo
1164 2491 1259 2534 versu
1274 2470 1310 2533 in
1329 2471 1334 2556 1
1354 2470 1448 2535 loiret

302 2573 451 2658 ituraei,
476 2574 656 2642 consociata
677 2573 712 2636 in
740 2575 948 2660 sequentibus
969 2575 1003 2638 in
1023 2581 1028 2658 Ι
1048 2575 1240 2660 ὸαηήιξόείῇ,
1262 2579 1269 2656 Ι
1279 2576 1445 2663 serpolser,

298 2678 493 2764 narolmillet
511 2685 517 2761 1
535 2681 629 2757 mna,
659 2681 794 2766 rolmara
817 2681 962 2766 folmoir.
1011 2683 1140 2746 Primus
1166 2693 1277 2746 autem
1303 2703 1404 2746 versus
1424 2691 1447 2742 et

299 2785 363 2848 duo
384 2785 492 2848 ultimi
514 2807 704 2869 quacunque
726 2787 908 2854 assonantia
928 2787 993 2850 sere
1015 2787 1178 2851 cumulata
1197 2787 1323 2864 nitent3
1347 2788 1446 2872 primm

297 2889 413 2954 ludens
432 2891 573 2975 liquidis,
591 2902 737 2974 repetens
752 2913 783 2955 m
799 2913 873 2955 cum
888 2893 1049 2957 vocalibus
1064 2894 1263 2958 venantibus
1278 2895 1315 2958 in
1328 2893 1413 2958 initio
1424 2901 1447 2952 ct

298 2995 403 3059 medio
418 2996 454 3059 in
468 2995 598 3060 vocibus
612 2997 858 3084 dumimdeqar‘ll
872 2997 970 3062 imum
984 3000 987 3084 t
1002 2999 1183 3077 imacuo'a'rt,
1198 2997 1445 3069 caramancio,

298 3100 463 3179 timcellas,
478 3117 510 3166 et
525 3101 722 3186 subjungens
737 3103 953 3172 assonantiam
963 3104 1103 3188 liquidae
1114 3129 1135 3169 n
1147 3105 1182 3167 in
1187 3105 1337 3190 flnnde’n,
1352 3103 1445 3176 aner,

298 3205 448 3271 intenditis.
481 3209 685 3272 Penultimus
707 3231 816 3272 versus
831 3221 955 3293 praeter
969 3221 1081 3294 quater
1095 3210 1307 3296 incipientem
1312 3213 1355 3297 s⁰
1368 3209 1447 3274 etiam

297 3309 455 3382 initialem
474 3315 691 3382 assonantiam
712 3335 924 3382 consonarum
945 3315 962 3378 b
983 3325 1015 3380 et
1035 3337 1054 3380 r
1073 3317 1287 3387 alternantem
1308 3333 1446 3386 unacum

297 3491 510 3508 r-v--v--em

297 3603 390 3658 Mocb.
404 3605 476 3660 Boll.
490 3608 573 3663 Mart.
587 3613 613 3674 2,
624 3613 684 3674 282,
699 3627 817 3682 compos.
831 3613 1044 3666 mochona-moe
1058 3612 1139 3683 (maro,
1154 3629 1217 3682 gen.
1231 3631 1320 3684 moyn,
1333 3610 1414 3684 puer).
1425 3615 1448 3658 ut

296 3691 582 3760 nominaMocbumbe,
593 3695 714 3764 Mosectu
726 3697 754 3749 in
767 3697 860 3750 eadem
869 3697 933 3750 vita
944 3713 971 3768 p.
979 3700 1039 3750 287.
1062 3698 1204 3752 Colmonua
1213 3697 1283 3751 ibid.
1292 3715 1320 3768 p.
1329 3701 1378 3750 286
1389 3693 1447 3746 ride·

296 3782 342 3829 tur
353 3775 426 3831 idern
438 3779 512 3848 quod
522 3780 699 3834 columbanae
709 3781 754 3852 (ci.
764 3784 857 3848 colum,
868 3800 895 3853 p.
907 3783 983 3853 752);
996 3788 1134 3836 esttamen
1142 3783 1224 3836 etiam
1231 3783 1287 3854 adj.
1296 3782 1347 3835 cett
1354 3777 1446 3852 (mute

296 3878 400 3927 maecr;
415 3879 443 3934 p.
457 3865 512 3934 tr),
527 3867 601 3936 quod
618 3867 733 3938 supponi
751 3867 838 3937 possit
857 3867 961 3921 nomini
972 3867 1150 3920 Mucbolmoc.
1165 3867 1374 3930 remeius-astar,
1387 3874 1448 3918 retu·
1479 3917 1480 3922 ,

295 3949 363 4002 etius
382 3949 597 4015 romolue'reatar,
612 3959 698 4021 praet.
713 3953 787 4005 verbi
805 3953 946 4018 catriae-,e
965 3971 1019 4024 quo
1039 3969 1126 4023 comp.
1141 3953 1279 4006 docan'riur
1292 3953 1339 4024 (gl.
1353 3951 1446 4011 utimr

294 4034 403 4104 pur-1),
417 4033 594 4102 domuit-etim,
608 4037 837 4090 doroclmrremar
850 4037 993 4108 (adsciscit,
1005 4037 1176 4104 adscivimus,
1187 4055 1215 4109 p.
1223 4041 1285 4091 445.
1296 4037 1368 4108 448).
1386 4037 1448 4089 tan

294 4119 444 4188 parandum
460 4127 503 4174 est
520 4121 589 4192 geel.
610 4121 697 4176 subet.
712 4141 767 4187 car,
788 4141 851 4194 gcn.
872 4123 939 4188 cuir,
959 4123 1107 4188 conversio,
1127 4123 1200 4176 unde
1220 4123 1327 4177 denum.
1348 4119 1447 4178 mab&

296 4213 411 4271 vertere,
432 4223 549 4258 movere.
564 4208 666 4277 se'qod,
686 4208 763 4262 visio.
786 4209 871 4274 αἰναί,
891 4217 946 4262 ret.
967 4209 1028 4276 oiri,
1047 4207 1118 4263 ideo.
1143 4209 1212 4273 tend,
1231 4209 1296 4263 hod.
1316 4209 1373 4263 bru.
1390 4203 1447 4278 guda

297 4295 383 4355 kann,
399 4291 499 4354 firmus,
514 4299 612 4355 arctus,
627 4297 730 4346 mutare
748 4293 776 4347 in
795 4295 858 4358 aad,
872 4293 920 4359 ibi,
935 4294 964 4348 in
982 4312 1014 4347 ea
1026 4295 1065 4365 (in
1083 4293 1259 4348 meditatione
1276 4301 1304 4347 et
1321 4291 1447 4366 apicem

295 4383 336 4426 est
348 4375 487 4445 cingulum
500 4378 600 4446 meum)
614 4394 668 4433 non
681 4377 777 4444 audeo,
788 4379 852 4452 quia
863 4379 935 4434 clara
947 4387 989 4434 eet
1000 4379 1047 4434 illa
1057 4379 1167 4452 scriptio
1178 4381 1206 4434 io
1216 4379 1380 4454 apographo,
1388 4373 1448 4430 baud

295 4457 378 4512 dubie
391 4459 472 4513 etiam
485 4461 513 4546 in
527 4461 628 4516 codice.
