3004 5066
296 337 377 400 1018
421 357 606 404 APPanx.
640 357 806 404 SPEGIMEN
820 359 947 406 combis
964 358 1142 404 urunnnth
1158 358 1321 404 Pnlsctsnl
1335 359 1378 404 so.

293 505 459 590 quamvis⁷
481 508 523 572 sit
544 529 742 585 consonans,
767 509 802 572 in
823 509 934 572 eadem
955 508 1078 591 syllaba
1100 507 1261 590 geminata
1276 505 1364 588 jungi
1382 526 1432 568 non

293 625 409 696 potest.
442 615 527 696 Ergo
549 635 615 678 non
637 613 729 678 aliter
749 635 845 696 quarn
869 613 982 688 tellus,
1007 627 1146 678 mannus
1167 610 1298 694 proferri
1317 605 1434 674 debuit¹

294 719 388 782 Unde
412 718 567 802 Pompeiii
590 740 726 801 quoque,
751 717 941 801 genitivum,
959 739 1016 801 per
1037 717 1098 782 tria
1119 717 1154 780 iii
1176 717 1360 790 scribebant,
1375 735 1434 798 quo

294 845 366 886 rum
390 825 454 886 duo
482 822 644 907 superiora
671 823 740 886 loco
762 823 1008 888 consonantium
1029 822 1247 906 accipiebant,
1273 833 1308 886 ut
1327 821 1436 886 sidicat

296 929 465 1011 Pompeiii.
503 929 589 992 Nam
610 927 712 992 tribus
738 927 773 990 iii
791 927 914 1010 junctis
936 929 1039 1011 qualis
1059 929 1162 1012 possit
1181 927 1303 1011 syllaba
1322 946 1436 1008 pronun·

297 1031 386 1096 tiari?
409 1035 496 1098 Nam
515 1045 710 1116 postremum
732 1033 743 1096 i
759 1055 822 1116 ,pro
837 1034 939 1098 vocali
953 1045 1002 1098 est
1016 1035 1251 1118 accipiendum,
1268 1027 1365 1124 quod¹
1377 1033 1437 1094 eas

295 1137 358 1202 sari
374 1139 556 1204 doctissimo
571 1140 648 1204 artis
663 1139 887 1222 grammaticae
900 1139 1055 1222 placitum
1063 1136 1089 1174 ¹⁰
1112 1161 1132 1202 a
1146 1137 1277 1202 Victore
1292 1133 1439 1218 quoquein

295 1254 363 1308 arte
382 1245 589 1327 grammatica
604 1245 643 1308 de
658 1243 787 1328 syllabis
797 1241 820 1278 ¹¹
841 1245 1073 1326 comprobetur.
1106 1245 1169 1308 Pro
1184 1241 1324 1324 simplici
1338 1260 1438 1324 quoque

295 1347 329 1412 in
351 1349 458 1412 media
478 1349 617 1414 dictione
639 1348 813 1425 invenitur,
834 1351 887 1414 sed
909 1347 1155 1432 incompositis,
1173 1340 1383 1430 utinjuria‚¹¹
1399 1345 1439 1406 ad·

291 1453 406 1537 jungo,
425 1453 555 1537 ejectus,
573 1454 677 1537 rejice.
712 1455 868 1538 Virgilius
890 1455 925 1518 in
941 1455 1092 1518 Bucolico
1114 1442 1439 1536 proceleusmaticuu¹¹

296 1558 403 1641 posuit
424 1580 481 1642 pro
500 1560 643 1642 dactylo:
670 1559 779 1643 Tityre
801 1571 967 1643 pascentes
984 1582 1005 1624 a
1023 1559 1159 1622 flumine
1181 1557 1266 1622 reice
1282 1555 1414 1639 capellas.
1422 1549 1439 1585 ¹¹

296 1665 474 1747 Nunquam
496 1673 605 1728 autom
626 1675 702 1730 ante
723 1683 805 1742 eant,
826 1665 895 1730 loco
915 1666 1054 1751 positam
1075 1663 1297 1738 consonantis,
1320 1657 1440 1743 aspiratio

296 1779 402 1852 potest
421 1769 570 1845 inveniri,
587 1769 671 1834 sicut
691 1792 751 1834 nec
772 1781 847 1834 ante
869 1793 892 1834 u
913 1780 1153 1836 consonantem.
1187 1770 1286 1832 Unde
1308 1761 1440 1830 hiulcus¹¹

299 1875 498 1958 trisyllabum
521 1885 586 1950 est3
605 1875 695 1940 nulla
715 1875 802 1940 enim
817 1856 995 1940 consonans
1011 1885 1086 1938 ante
1101 1897 1135 1938 se
1150 1873 1373 1958 aspirationem
1383 1866 1441 1932 rasi·

299 1979 357 2061 pit.
391 1981 421 2042 V
442 1999 516 2042 vero
539 1979 607 2044 loco
631 1980 835 2044 consonantis
857 1980 963 2064 posita
977 1981 1110 2044 eandem
1125 1999 1257 2062 prorsus
1273 1979 1308 2042 in
1322 1975 1442 2040 omnibu

298 2083 364 2146 vim
384 2081 532 2148 habuit¹¹
555 2087 640 2168 apud
656 2086 800 2162 Latinos,
819 2107 915 2169 quam
938 2087 1024 2169 apud
1038 2085 1153 2150 Aeoles
1168 2085 1342 2168 digamma.
1354 2141 1358 2150 .
1370 2079 1442 2146 Unde

298 2211 316 2254 a
331 2189 489 2274 plerisque
512 2189 541 2252 ci
556 2211 674 2254 nomen
690 2191 749 2254 hoc
764 2193 868 2268 datur,
887 2193 971 2274 quod
984 2191 1073 2274 apud
1087 2189 1202 2254 Asoles
1217 2188 1336 2254 habuit
1347 2183 1444 2252 olinf

298 2293 468 2377 digamma
481 2291 507 2327 ¹⁷
524 2295 556 2358 id
571 2305 620 2360 est
634 2317 708 2372 vau,
726 2297 766 2360 ab
781 2295 883 2382 ipsius
899 2317 974 2360 voce
988 2295 1176 2379 profectam,
1187 2289 1214 2330 ¹⁸
1229 2305 1315 2358 teste
1330 2293 1444 2358 Varrone

297 2411 330 2462 et
345 2399 496 2482 Didymo,
513 2399 570 2482 qui
591 2401 624 2466 id
645 2400 674 2464 ei
696 2421 814 2466 nomen
834 2421 903 2466 esse
925 2401 1112 2466 ostendunt.
1145 2401 1209 2466 Pro
1230 2395 1333 2483 quo¹¹
1353 2399 1443 2462 Caesar

298 2504 381 2568 hanc
403 2505 540 2588 figuram
553 2527 580 2590 ᾖ
596 2505 690 2570 scribi
704 2507 817 2583 voluit,
836 2503 939 2590 quod¹
963 2505 1108 2589 quamvis
1123 2504 1171 2568 illi
1185 2515 1275 2570 reete
1290 2505 1388 2570 vuum
1398 2511 1442 2574 δὲ

298 2621 406 2676 umen
427 2613 623 2676 consuetudo
645 2612 778 2694 antique
800 2610 972 2695 superavit.
1011 2606 1123 2676 Adeo²
1144 2622 1255 2676 autem
1279 2611 1339 2676 hoo
1358 2625 1443 2671 rann

297 2727 357 2793 ost,
375 2717 460 2800 quod
479 2737 537 2799 pro
558 2716 719 2799 digamma
740 2716 859 2782 aeolico
886 2715 915 2779 f
931 2716 1061 2799 ponitur
1075 2739 1109 2794 u,
1127 2717 1214 2800 quod
1228 2717 1316 2782 sicin
1329 2715 1373 2780 illi
1384 2711 1444 2776 sole

297 2824 377 2888 bant
401 2821 542 2904 accipere
567 2821 728 2905 digamma
753 2817 868 2886 modo¹¹
893 2843 950 2904 pro
976 2801 1173 2888 consonante
1198 2821 1360 2905 simplici,
1385 2831 1443 2884 nso

298 2929 449 3010 Astyage,
468 2927 524 3010 qui
538 2927 670 2992 diversis
685 2925 768 2992 hoc¹
783 2927 924 2994 ostendit
938 2927 1061 3003 usibus,
1080 2925 1166 2990 utin
1181 2926 1243 2990 hoc
1259 2947 1363 3001 versu,
1381 2915 1444 2988 Oli-

299 3053 398 3112 μενος
424 3026 786 3111 salonitanam,
808 3031 853 3098 sic
874 3053 933 3096 nos
955 3053 1082 3114 quoque
1103 3051 1161 3114 pro
1182 3043 1378 3098 consonante
1395 3027 1444 3112 plo

299 3159 434 3220 rumque
453 3137 590 3222 simplici
611 3137 765 3204 habemus
787 3159 810 3204 u
832 3137 901 3202 loco
918 3138 1081 3221 digamma
1095 3137 1249 3220 positum,
1270 3150 1324 3202 ut:
1347 3139 1387 3200 At
1399 3133 1445 3194 l'e

299 3265 360 3306 nus
382 3243 469 3306 baud
484 3243 591 3308 animo
606 3245 819 3326 nequicquam
833 3243 983 3308 exterrita
998 3253 1110 3308 mater.
1143 3243 1203 3308 Est
1218 3253 1329 3308 nmen
1343 3237 1447 3325 qnando

298 3348 395 3412 iidem
415 3349 530 3416 Aeoles
557 3347 789 3416 inveniuntur¹
816 3371 873 3434 pro
901 3348 1023 3433 duplici
1050 3369 1176 3432 quoque
1205 3359 1395 3414 consonante
1410 3341 1446 3406 di

298 3475 426 3536 gamma
447 3454 602 3537 posuisse,
620 3467 658 3520 ut
674 3449 833 3539 Νέστορα
856 3450 894 3522 δὲ
914 3456 981 3519 fori
995 3449 1128 3529 παιδός.
1158 3455 1228 3518 Nos
1243 3475 1368 3538 quoqne
1380 3448 1446 3510 vido

299 3580 371 3622 mur
392 3559 452 3624 hoo
467 3559 556 3642 sequi
571 3560 606 3628 in
621 3555 812 3644 praetoriam
833 3559 972 3643 perfecto
987 3571 1019 3626 et
1033 3559 1344 3643 plusquamperfecto
1359 3551 1446 3620 tertis*

370 3748 383 3795 7
402 3745 468 3797 ador
503 3747 518 3796 8
535 3743 721 3813 dosurqattao
756 3747 772 3796 9
791 3763 819 3797 .ι.
834 3742 1028 3812 ondbyedntss'n
1040 3743 1236 3813 nepdaceomos'l
1246 3744 1310 3796 sitm
1324 3747 1392 3795 soors
1402 3736 1447 3788 liic

300 3831 328 3884 ia
347 3829 438 3884 west.
482 3832 513 3884 10
531 3827 766 3897 rotoltaaos'ycstar
808 3828 1136 3898 transcendissent.
1181 3831 1213 3882 ll
1230 3815 1449 3884 auom&

300 3915 371 3968 insin
416 3917 446 3967 13
466 3913 536 3982 έναϊρ
554 3912 737 3983 estlarparoit
781 3916 809 3965 ll
826 3914 925 3983 procel.
938 3913 1008 3968 rial
1024 3913 1190 3970 saroam
1201 3913 1328 3968 &taes
1341 3907 1447 3964 tarda

302 4007 390 4056 torm
400 3997 496 4070 siasrs‘
505 3999 583 4053 Ιιαηο,
597 4015 623 4068 q.
638 3997 765 4054 bairdtaa
778 4016 808 4054 rc
820 3999 847 4054 lo
857 3997 932 4054 sutile
985 4003 1014 4054 lb
1034 3999 1156 4056 lambib-
1170 3997 1217 4054 cic.
1231 3997 1296 4056 aas
1306 3993 1448 4059 diuisui*

302 4090 356 4139 aaa
400 4088 430 4138 ra
451 4101 480 4142 .1.
488 4081 643 4153 aanor,
657 4083 676 4136 ι.
690 4081 794 4138 uana.
808 4083 1065 4154 renotationem
1103 4087 1133 4138 tr
1153 4073 1447 4144 .1.mtt·rs0'm

302 4173 333 4224 18
350 4169 566 4224 maanus·
581 4167 732 4226 amiam
748 4167 781 4222 do
801 4186 830 4222 .u
849 4186 877 4224 .ι.
899 4186 953 4224 sau
966 4168 1005 4238 (ln
1024 4169 1122 4239 marg.)
1135 4162 1269 4240 aadsepsr
1285 4163 1381 4220 mett
1398 4159 1447 4212 5⁸¹¹

300 4255 399 4325 dipaim
410 4255 535 4309 dorotctl
547 4271 608 4306 ano.
622 4251 664 4306 rin
676 4253 886 4306 &adamastis
922 4256 953 4308 to
971 4254 1003 4308 do
1015 4253 1119 4308 inckow
1131 4271 1186 4306 m

371 4339 579 4410 (spuma
619 4339 743 4394 linmdr
783 4336 965 4392 bembinadia
999 4333 1359 4394 tununnensis&
1390 4326 1448 4382 δὴ

303 4430 348 4478 raa
360 4432 519 4480 oraascator
554 4429 570 4479 6
588 4423 680 4478 atain
692 4421 850 4477 arclonaain
863 4421 966 4476 diaboii
