3056 5048
306 339 368 401 652
549 339 609 403 IV.
629 344 659 402 2.
689 359 971 406 smerosrrrorurs
987 359 1225 405 anrrsusrcss.

304 509 419 574 rodetit
438 509 507 573 elea
518 509 628 595 poetali
643 531 740 594 equus
756 519 819 576 tres
834 511 934 575 accde
949 512 1026 595 (leg.
1043 513 1135 576 rodet
1147 511 1184 575 da·
1197 511 1292 575 elea?
1307 513 1402 576 datus
1417 513 1464 576 El·
1508 510 1510 594 ἦ

304 639 388 682 cuno
409 627 519 700 postea
540 611 640 699 equus
663 619 753 698 etc),
778 617 850 680 sibe
870 639 925 682 eos
945 617 1054 702 syride
1076 617 1114 681 di
1129 617 1291 682 mediclrot
1302 617 1410 702 puetip
1423 617 1465 681 dit

304 723 364 787 did
383 724 478 787 orout
494 723 613 808 prepiat
623 723 732 807 pretty
746 723 798 787 πίε
812 724 878 790 mia
893 723 908 786 i
922 723 1040 787 aridulo
1055 724 1199 808 (phrases
1214 723 1250 786 in
1264 725 1332 786 fine
1347 724 1465 787 chartae
1509 711 1510 714 ¹

303 829 502 894 decernentis
524 829 624 906 litem,
643 831 777 892 candem
798 851 965 912 nunquam
987 839 1097 913 postea
1116 851 1184 893 esse
1198 830 1376 894 redituram
1389 829 1464 892 affir-
1509 813 1510 816 Ἴ

303 939 442 1018 mantes)
450 935 599 1018 Append.
610 933 684 998 libri
692 935 796 998 Land.
806 956 839 1019 p.
852 940 925 998 271.
949 936 1032 1000 Item
1044 935 1128 999 inter
1138 935 1320 1000 notationes
1332 937 1373 999 de
1383 957 1464 999 meu-

303 1042 385 1106 suris
408 1041 456 1124 (in
480 1040 654 1124 appendice
675 1038 772 1122 hujus
793 1039 928 1123 operis):
951 1040 1146 1125 quorennieu
1158 1041 1268 1126 poetic
1284 1041 1465 1123 (adfimdera

303 1159 439 1233 postea).
466 1145 714 1230 Praepositionis
729 1146 797 1208 loco
813 1145 976 1210 invenitur
990 1146 1025 1209 in
1040 1146 1208 1231 privilegio
1224 1147 1377 1211 ecclesiae
1389 1147 1464 1210 Lun-

302 1254 465 1319 davensis:
489 1255 531 1338 dy
552 1251 675 1338 eeclays
695 1251 808 1315 Teliaa
829 1251 889 1314 dac
911 1252 964 1314 dtr
984 1251 1068 1335 camp
1091 1251 1138 1317 ott
1153 1251 1244 1337 poeti
1257 1253 1299 1338 cs
1307 1253 1464 1333 (ccclesias

302 1360 425 1426 'l'eliavi
444 1369 477 1424 et
499 1358 648 1422 omnibus
669 1356 824 1440 episcopis
845 1369 918 1441 post
939 1359 1038 1440 eum),
1055 1381 1099 1444 yn
1120 1358 1339 1444 yscamuneta'c
1360 1380 1401 1444 Ψ
1413 1360 1465 1422 aa

301 1467 337 1532 ai
351 1476 434 1532 torro
450 1467 511 1530 hac
525 1485 566 1550 ay
582 1463 724 1528 deminuo
738 1487 759 1548 y
775 1463 900 1549 drpeiat
913 1462 1001 1527 dana
1016 1464 1078 1528 hac
1091 1466 1133 1550 ef
1140 1465 1205 1550 day
1214 1465 1314 1548 plant
1324 1474 1420 1549 quety
1434 1465 1469 1548 es

302 1571 609 1656 (excommunicatus
634 1569 662 1632 is
688 1570 744 1652 qui
766 1571 818 1634 vel
837 1569 966 1653 fregerit
987 1570 1039 1633 vel
1060 1569 1241 1653 despexerit
1260 1569 1322 1634 hoc
1344 1570 1464 1654 privile

300 1679 408 1764 gium,
433 1689 499 1741 tam
520 1677 588 1760 ipse
609 1697 705 1760 quam
727 1675 796 1760 ejus
818 1675 910 1740 liberi
930 1687 1003 1760 post
1022 1679 1110 1760 eum)
1127 1675 1199 1739 Lib.
1218 1676 1323 1739 Laud.
1343 1697 1376 1760 p.
1397 1683 1462 1738 113.
1510 1677 1511 1682 ’

301 1785 343 1849 In
354 1787 463 1848 Mab.:
479 1783 590 1868 ywedy
605 1803 626 1866 y
639 1790 748 1867 powot
758 1781 918 1866 poteslas
932 1803 1029 1846 acrae
1042 1803 1084 1868 yr
1098 1805 1188 1868 awyr
1199 1785 1287 1866 (post
1301 1792 1465 1866 tempesta-

301 1905 365 1956 tem
380 1891 548 1954 clarescere
564 1888 668 1973 coepit
682 1890 747 1970 adr)
767 1895 795 1965 l,
816 1893 867 1951 13.
1510 1897 1512 1966 t

386 1995 548 2060 Armorica
563 1995 663 2058 forma
678 1995 835 2058 GOUDE
850 1993 885 2058 in
901 1995 1007 2060 Buh.:
1032 1997 1106 2060 duct
1120 2019 1154 2058 eo
1170 1994 1359 2079 diffconsol
1368 1995 1466 2078 ponde
1509 1971 1512 2002 ⁵

300 2105 353 2168 tir
367 2123 461 2186 space
473 2101 575 2185 (venit
588 2099 670 2163 mihi
682 2099 831 2164 solatium
842 2113 915 2184 post
926 2102 1060 2184 longum
1071 2101 1225 2184 spatium)
1241 2106 1291 2177 12,
1307 2106 1361 2164 23.
1387 2102 1464 2164 Cum
1510 2085 1512 2162 f

300 2209 449 2274 articulo:
465 2209 591 2292 pondera
599 2229 751 2290 poaoyoa
766 2209 809 2270 da
825 2207 899 2271 dont
913 2208 1004 2271 lousa
1020 2211 1107 2292 (post
1121 2207 1244 2270 dolores
1259 2217 1298 2270 ut
1313 2207 1357 2271 sit
1371 2207 1462 2282 laeta,
1510 2191 1512 2274 i

300 2316 436 2396 Nonita)
455 2317 527 2390 116,
547 2317 577 2375 2.
609 2312 745 2375 Oornica
768 2312 914 2396 exempla
935 2313 1033 2397 hujus
1051 2313 1294 2397 praepositionis
1310 2335 1378 2376 non
1393 2312 1463 2396 legi.
1510 2299 1512 2388 i

385 2419 593 2484 HERWYD
614 2419 816 2500 (secundum,
838 2420 939 2502 apud)
960 2419 1131 2483 cambrice:
1156 2417 1328 2504 derwydy
1352 2418 1465 2482 kouor·

300 2531 408 2614 wydyt
419 2527 588 2610 pedweryt
600 2524 672 2587 mod
688 2523 774 2587 idaco
790 2525 981 2605 (secundum
996 2525 1161 2589 historiam
1176 2533 1309 2608 quartus
1324 2523 1413 2588 filius
1427 2524 1464 2600 ei,
1511 2513 1513 2608 i

298 2641 380 2718 erat)
396 2633 484 2698 Mab.
505 2639 534 2708 3,
554 2636 627 2693 297.
653 2651 691 2692 oc
710 2630 863 2714 ymcuoel
881 2651 899 2692 o
917 2631 1074 2714 paemwra'
1091 2631 1173 2716 padi
1193 2629 1314 2694 tides.
1341 2631 1469 2714 wopa
1511 2649 1513 2700 :

295 2742 409 2827 pwallt
421 2764 442 2826 y
451 2737 562 2822 pheno
578 2735 688 2819 (arripi
702 2758 722 2798 a
736 2736 779 2799 G.
797 2736 878 2819 ipsa,
896 2735 988 2813 strix,
1006 2737 1129 2821 capillis
1144 2735 1291 2818 capitis),
1308 2759 1377 2822 yna
1391 2738 1465 2822 φάψ

297 2848 499 2913 mauselawd
522 2865 622 2929 porea
642 2840 900 2905 metonomia
920 2843 1038 2925 padam
1061 2839 1194 2927 derwyd
1208 2842 1325 2925 qwallt
1344 2863 1366 2926 y
1381 2863 1465 2926 peon
1512 2829 1513 2836 ἵ

298 2959 390 3036 (tunc
405 2951 540 3036 arripuit
555 2951 599 3014 G.
616 2949 663 3012 fil.
682 2949 721 3011 C.
739 2967 814 3009 eum
828 2945 967 3029 capillis)
983 2947 1071 3010 Mab.
1091 2954 1122 3026 2,
1141 2955 1215 3012 247.
1235 2953 1309 3011 248.

384 3059 518 3143 Legitur
537 3075 625 3118 corn.
649 3053 886 3117 substantivum
908 3052 1052 3138 tenayo
1073 3043 1107 3116 in
1131 3057 1242 3118 Pasa:
1269 3059 1354 3131 211,
1376 3062 1411 3117 1:
1437 3055 1466 3116 ia

298 3191 360 3252 uqa
381 3162 524 3248 derwytd
544 3159 652 3246 ythese
674 3179 714 3222 on
736 3159 844 3243 marcq
860 3157 909 3237 (in
924 3179 1044 3237 eorum,
1063 3161 1085 3223 J
1086 3161 1269 3237 udaeomm,
1288 3161 1390 3224 lutere
1405 3170 1467 3224 erat

297 3273 415 3354 miles).
442 3266 616 3338 Quaeritur
630 3265 716 3342 inde,
731 3287 772 3328 an
784 3285 850 3326 non
862 3263 994 3328 omnino
1005 3265 1082 3330 haec
1094 3266 1298 3350 praepositio,
1312 3266 1467 3331 cambrira

298 3389 336 3442 ut
350 3374 514 3450 armorica,
531 3373 713 3457 reponendo
728 3371 771 3434 sit
785 3370 869 3433 inter
883 3370 1073 3452 nominales.

383 3479 562 3544 Adhibetur
584 3489 690 3542 tamen
712 3477 748 3540 in
763 3477 873 3540 eadem
888 3477 1122 3561 significatione
1136 3477 1261 3543 cornice
1275 3479 1360 3544 RIB
1377 3483 1467 3561 (num

297 3611 337 3652 ex
359 3587 470 3650 eadem
489 3585 591 3649 forma
611 3581 778 3663 mutilal):
804 3583 915 3668 Pedyr
934 3605 956 3646 a
976 3583 1095 3648 drolas
1114 3583 1164 3648 rit
1179 3605 1222 3648 aa
1234 3607 1298 3668 pen
1313 3605 1467 3650 scameras

297 3715 381 3757 onon
403 3691 516 3756 anetho
531 3693 584 3773 (P.
602 3688 760 3776 percussit
782 3689 823 3751 ad
847 3699 944 3772 caput
966 3711 1077 3753 aurern
1091 3689 1227 3774 alicujus
1242 3713 1282 3754 ex
1298 3691 1361 3772 eis)
1377 3693 1465 3755 Psss.

298 3805 349 3875 11,
369 3803 398 3860 2.
423 3819 465 3860 aa
479 3797 635 3864 Ethemon
650 3817 733 3860 onan
748 3817 769 3859 α
783 3816 836 3858 ros
851 3795 909 3880 ryb
925 3817 968 3859 aa
982 3817 1126 3860 scooerns
1142 3797 1201 3860 doc
1217 3795 1268 3862 the
1287 3797 1383 3862 Grati
1398 3797 1467 3879 (Ju-

295 3907 447 3970 daeorum
462 3925 546 3967 unus
561 3902 649 3966 dedit
664 3903 704 3965 ad
719 3923 828 3966 aurem
843 3901 972 3984 plagam
986 3902 1130 3984 Christo)
1147 3909 1198 3980 81,
1216 3909 1245 3966 1.
1265 3925 1328 3989 cyp
1345 3927 1389 3967 aa
1402 3925 1468 3989 peso

295 4033 316 4074 a
336 4031 425 4074 resae
448 4009 498 4073 tle
522 4007 631 4073 thetole
646 4009 837 4088 (secundum
858 4007 984 4070 hastam
1005 4007 1101 4072 fluxit
1120 4011 1161 4074 ad
1175 4031 1304 4086 manus,
1322 4009 1468 4093 sangrris)

297 4121 371 4194 219,
391 4123 422 4178 2.

264 4193 271 4210 '
380 4220 741 4285 smoscensnusz
757 4219 908 4282 innan:
928 4219 1042 4283 seraa
1058 4222 1167 4307 anses
1182 4223 1225 4285 aa
1241 4221 1468 4306 aaamffroe-

295 4329 438 4392 cundum
459 4327 555 4389 fidem
577 4325 751 4410 baptizare)
767 4332 826 4402 98,
848 4331 898 4388 16.
921 4331 1001 4402 160,
1024 4332 1073 4389 to.
1100 4349 1141 4390 aa
1162 4325 1270 4391 merch
1291 4325 1410 4392 denset
1432 4326 1470 4391 te

296 4433 391 4498 dercd
411 4431 564 4518 coercitos
580 4433 702 4516 (puella
725 4434 902 4496 secundum
924 4441 1088 4515 aspectum
1110 4455 1206 4497 suum
1221 4433 1324 4519 virgo)
1344 4439 1396 4512 18,
1420 4439 1467 4496 16.
