2994 5052
266 357 307 424 V.
329 369 357 422 t.
393 381 530 424 nealces
545 382 702 426 crnrrcss
717 383 758 426 ar
773 384 968 429 nanrvsrro.
1140 367 1200 428 723

122 531 186 592 IX.
216 531 310 594 Duae
335 551 493 596 consonae
518 530 705 596 inchoantes
731 533 871 616 itemque
897 533 1061 599 linientes:
1092 539 1197 614 clend,

41 637 129 718 pleat
142 635 284 718 (proles),
305 637 410 699 mand
423 638 619 719 (rotundus),
636 637 727 702 alind
739 639 892 722 (pecten),
901 638 986 722 flere
1001 641 1125 725 (linea).

120 741 164 802 X.
198 741 276 803 Tres
292 763 450 804 consonae
464 740 652 805 inchoantes
668 765 741 806 curn
757 743 852 806 unica
867 743 1015 808 finiente:
1039 750 1121 812 scrib
1138 749 1199 831 (hi-

45 847 123 907 bern.
147 845 310 922 scribenti,
335 845 495 928 scribere).
528 847 638 932 Hujus
661 847 787 924 classis,
812 847 902 931 cujus
925 862 1002 915 sunt
1024 853 1119 918 ctiam
1141 856 1196 920 lat.

43 950 139 1026 atlete,
157 958 273 1032 strepo,
292 949 404 1028 strido,
417 950 486 1034 jam
500 973 603 1036 panca
617 964 694 1016 sunt
709 953 865 1036 exempla.

118 1055 257 1120 Celticae
277 1055 397 1120 radices
415 1067 522 1120 autem
536 1059 587 1120 vel
602 1058 720 1122 latinae
736 1081 823 1120 rarae
839 1071 925 1137 sunt,
944 1084 1025 1144 quae
1040 1064 1200 1150 incipiunt

44 1161 183 1236 atribus,
201 1160 355 1224 desinunt
375 1161 411 1224 in
430 1163 510 1225 duas
529 1184 697 1239 consonas,
715 1173 752 1225 ut
766 1163 822 1226 lat.
840 1166 1000 1252 splendeo,
1018 1171 1150 1256 scrineo,
1168 1187 1200 1238 et

43 1265 89 1328 vix
111 1265 275 1328 invenitur
297 1265 404 1350 alique
425 1267 595 1330 terminata
617 1291 634 1331 a
657 1269 775 1344 tribus,
800 1279 837 1331 ut
858 1291 959 1352 germ.
983 1271 1074 1338 berlei
1093 1277 1195 1359 (goth.

44 1371 155 1448 bairht,
179 1371 303 1444 clarus,
327 1393 408 1454 quae
434 1374 545 1436 eadem
569 1373 661 1438 radix
681 1373 779 1436 etiam
800 1375 909 1437 subest
930 1377 1053 1440 nomini
1074 1391 1200 1446 vetusto

41 1477 187 1540 Bercnrrr'
201 1477 283 1540 Tab.
303 1477 411 1553 Peut„
427 1479 511 1560 quod
527 1478 602 1542 alibi
617 1477 813 1542 commodius
830 1477 877 1540 ori
890 1500 1021 1544 romano
1036 1495 1085 1546 est
1096 1486 1199 1552 Bruc-

42 1581 120 1662 ea),
138 1582 228 1646 tenbt
248 1582 297 1664 (in
319 1583 449 1648 nomine
469 1595 595 1650 vetusto
621 1583 790 1664 Tencteri),
809 1583 965 1666 siquidem
988 1599 1020 1650 ct
1041 1589 1101 1654 bae
1121 1605 1198 1656 sunt

40 1707 131 1750 merae
145 1687 280 1764 radices,
295 1697 328 1750 ct
341 1710 408 1750 non
423 1689 582 1754 derivatae
597 1711 700 1752 voces.
726 1689 833 1753 Multo
847 1689 955 1754 minus
969 1699 1198 1776 exspectandae

40 1803 106 1856 sunt
133 1815 226 1856 voces
257 1795 434 1858 secundum
459 1795 629 1871 formulas,
655 1816 737 1877 quae
762 1794 867 1858 adhuc
893 1797 1034 1860 construi
1060 1803 1195 1884 possint,

40 1897 210 1974 SCERCT,
230 1899 446 1976 scRERcT,
464 1899 492 1962 si
514 1920 670 1964 consonae
686 1897 875 1982 incipientes
890 1899 953 1978 SC,
972 1902 1067 1982 SCR,
1085 1908 1197 1974 finien·

39 2015 77 2066 tes
91 2005 177 2068 RCT
192 2003 429 2087 significantur.

110 2110 232 2174 Earum
247 2109 391 2174 radicum
405 2109 529 2194 copiam
545 2133 672 2176 omnem
687 2109 833 2193 colligere
848 2121 880 2174 et
894 2133 951 2196 per
964 2114 1066 2178 varias
1081 2119 1196 2184 classes

36 2215 256 2280 vocabulorum
266 2215 467 2298 singulorum
479 2215 615 2298 origines
628 2227 660 2280 et
672 2215 914 2299 propagationes
926 2216 1088 2302 indagare,
1103 2223 1197 2288 lexici

37 2319 112 2384 haud
130 2319 229 2384 dubie
244 2321 412 2403 negotium
427 2331 486 2398 est,
504 2343 570 2384 non
584 2320 816 2405 grammatices,
835 2343 915 2404 quac
930 2323 1036 2406 potius
1051 2326 1197 2410 pluribus

36 2425 207 2490 communia
222 2427 382 2490 observat.

108 2531 136 2595 Ε
157 2531 285 2614 syllaba
305 2531 435 2596 rndicali
456 2533 544 2598 nuda
566 2533 650 2596 fiunt
671 2552 763 2594 voces
785 2531 958 2615 bisyllabae
979 2535 1029 2596 vel
1051 2536 1194 2619 plurium

35 2635 219 2720 syllabarum
234 2635 383 2716 flexione,
401 2636 606 2712 derivatione,
621 2634 859 2720 compositione.
886 2638 1048 2704 Flexionis
1064 2643 1194 2725 syllabis

35 2739 154 2804 indutae
177 2763 273 2806 voces
295 2741 474 2825 primitivae
495 2741 625 2826 quidem
647 2741 752 2804 adhuc
776 2739 937 2820 dicuntur,
955 2765 1022 2808 non
1037 2747 1196 2815 derivatae

34 2845 152 2924 scilicet,
166 2857 284 2912 auctae
299 2859 406 2913 tamen
422 2858 509 2926 sunt,
524 2845 733 2910 servientibus
749 2845 848 2910 literis
865 2849 1124 2916 tenninetionum
1138 2875 1194 2918 no·

34 2953 117 3016 minis
137 2953 189 3018 vel
209 2951 312 3028 verbi,
330 2975 410 3036 quae
431 2953 466 3020 in
488 2952 750 3037 praecedentibus
772 2951 860 3014 libris
880 2967 1082 3018 enumeratae
1104 2969 1191 3034 sunt,

34 3055 183 3122 formatae.
217 3059 445 3124 Derivatarum
466 3071 498 3127 et
520 3057 767 3142 compositarum
782 3079 896 3122 vocum
911 3058 1065 3126 formulae
1081 3062 1131 3126 vel
1146 3084 1193 3128 re-

34 3162 115 3242 gulae
127 3163 162 3230 in
178 3163 389 3250 sequentibus
405 3164 563 3250 capitibus
579 3165 754 3228 tradentur.

472 3389 724 3401 W

387 3613 560 3688 CAPUT
593 3615 821 3686 PRIMUM.

387 3831 392 3839 ·
448 3817 505 3886 De
526 3815 763 3888 derivatione.

105 4013 229 4079 Celtica
250 4013 404 4078 derivatio
418 4033 484 4078 non
499 4013 607 4078 minus
622 4014 749 4098 copiosa
764 4034 860 4098 quam
874 4016 909 4080 in
924 4017 994 4086 aliis
1010 4017 1129 4102 linguis
1145 4021 1189 4086 af·

33 4113 147 4193 tribus,
166 4130 203 4184 ut
227 4119 263 4182 in
287 4119 349 4195 his,
367 4121 405 4182 fit
428 4129 494 4184 tam
508 4117 669 4185 vocalibus
686 4141 781 4204 quam
796 4123 953 4188 consonis.
986 4123 1120 4189 Vocales
1136 4126 1189 4188 de-

31 4217 156 4291 rivantes
171 4235 310 4308 possunt
325 4224 454 4308 quidem
464 4224 621 4290 alternam
632 4247 706 4292 cum
717 4226 965 4293 derivationibus
977 4249 1186 4294 consonanun

33 4325 72 4390 vel
92 4329 221 4410 syllabis
247 4329 466 4394 derivantibus
488 4329 528 4392 ab
550 4328 664 4396 iisdem
685 4331 838 4409 formetis,
863 4353 929 4396 non
952 4334 1190 4417 subsequuntur

34 4439 125 4498 nmen
139 4435 230 4518 ipsae
246 4434 332 4502 solae
347 4433 395 4498 bis
410 4435 460 4498 vel
476 4446 534 4509 ter,
550 4445 586 4497 ut
602 4437 741 4520 syllabae
753 4459 827 4502 cum
838 4438 985 4502 consonis
997 4439 1187 4520 derivantes.

918 4545 956 4599 -lss
966 4540 981 4568 ⁴⁸
