2994 5052
575 1443 805 1544 LIBER
849 1443 1197 1561 QUINTUS.

821 1715 951 1724 ——o—-o

339 1863 418 1944 DE
448 1861 855 1946 DERIVATIONE
886 1864 959 1946 ΕΤ
989 1861 1419 1947 COMPOSITIONII.

389 2113 491 2178 Voces
512 2111 673 2196 simplices
692 2111 781 2176 omni
795 2111 932 2179 flexione
947 2124 980 2176 et
994 2111 1082 2178 omni
1097 2113 1219 2197 syllaba
1233 2113 1397 2180 accessoria
1408 2134 1444 2176 aa·

304 2229 420 2295 rentes,
435 2237 565 2282 sensum
577 2228 684 2281 tamen
696 2216 924 2300 significantes,
938 2217 1096 2283 elementa
1106 2219 1343 2296 vocabulorum,
1353 2219 1444 2302 quihus

304 2324 407 2390 omnis
422 2324 534 2406 lingua
548 2333 683 2400 constat,
698 2323 844 2406 cognitae
859 2323 1003 2388 radicum
1017 2325 1068 2388 vel
1081 2345 1197 2388 vocum
1210 2324 1392 2388 radicalium
1404 2343 1446 2386 ne

303 2429 401 2506 mine,
419 2429 454 2492 in
476 2428 595 2492 celticis
616 2428 736 2512 linguis
756 2429 991 2512 monosyllabae
1013 2429 1234 2505 inveniuntur,
1250 2439 1291 2494 ut
1308 2429 1343 2492 in
1357 2427 1446 2494 octeni

304 2533 423 2618 linguis
446 2534 608 2596 affinibus.
648 2533 814 2616 Ejusmodi
836 2533 972 2617 syllabas
993 2533 1146 2598 radicales
1163 2534 1234 2618 jam
1254 2555 1313 2618 per
1331 2557 1364 2598 se
1383 2533 1447 2598 solae

304 2641 427 2704 vocales
448 2639 571 2703 efficere
592 2648 738 2724 possunt,
757 2637 873 2722 quibus
893 2638 919 2702 si
935 2639 1091 2704 accedunt
1105 2641 1145 2703 ab
1160 2649 1297 2723 utroque
1311 2641 1400 2704 latere
1411 2636 1448 2700 rel

304 2768 371 2810 una
393 2765 532 2808 consona
552 2743 604 2806 vel
623 2745 705 2806 duae
725 2763 898 2819 connexae,
916 2765 980 2826 quo
1001 2745 1087 2807 fiunt
1099 2744 1375 2811 numerosissimae
1387 2743 1448 2810 udi·

305 2873 367 2926 ces,
385 2850 435 2914 vel
457 2849 554 2919 etiam
575 2859 648 2924 tres,
667 2869 730 2930 quo
752 2848 915 2931 pauciores
934 2848 1092 2928 oriuntur,
1110 2849 1248 2914 discerni
1263 2861 1393 2935 possunt
1404 2847 1448 2910 lor·

305 2956 411 3020 mulae
426 2954 477 3018 vel
492 2955 607 3018 classes
622 2953 765 3017 radicum
779 2953 850 3016 hac.

391 3061 420 3123 I.
454 3059 530 3124 Sola
549 3058 666 3124 vocalis
687 3058 826 3122 radicem
843 3058 1058 3124 constituens:
1077 3081 1111 3136 a,
1128 3079 1144 3126 c
1159 3064 1290 3144 (pronn.
1308 3061 1448 3144 possess),

307 3166 423 3248 e(ire),
441 3170 458 3228 ὀ
474 3168 539 3247 (ex,
558 3168 602 3247 a),
620 3169 667 3229 αα
678 3166 817 3247 (nepos).

393 3271 441 3334 II.
474 3267 578 3334 Unica
599 3289 738 3332 consona
756 3267 928 3332 inchoans:
953 3291 1014 3346 mc,
1037 3290 1099 3346 mo,
1117 3271 1169 3347 do,
1189 3279 1223 3336 lu
1243 3269 1449 3355 (pronomine),

307 3398 371 3453 ma,
389 3375 436 3452 nl,
452 3395 507 3448 na,
524 3375 564 3437 do
579 3373 793 3458 (particulae).

393 3481 459 3544 III.
492 3477 598 3544 Unica
612 3500 751 3543 consona
765 3479 897 3542 finiens:
915 3477 953 3542 al
965 3478 1089 3562 (alere),
1106 3501 1147 3564 op
1162 3480 1304 3564 (timere)
1320 3493 1379 3548 etc.

394 3586 454 3652 IV.
487 3583 592 3650 Unica
618 3605 757 3648 consona
782 3583 936 3647 inchoans
962 3594 995 3648 et
1020 3583 1153 3650 finiens:
1183 3587 1238 3650 ber
1264 3587 1383 3670 (ferre),
1397 3602 1450 3668 par,

309 3695 411 3775 (vox),
422 3711 490 3774 par
504 3692 654 3772 (parare),
672 3699 726 3754 cat
739 3692 887 3773 (pugna),
906 3689 973 3754 dota
988 3691 1170 3775 (oppidum)
1185 3703 1247 3756 etc.

393 3797 435 3860 V.
467 3795 559 3858 Duae
575 3815 731 3860 consonae
747 3794 949 3860 inchoantes:
970 3797 1014 3860 tri
1027 3800 1131 3879 (tres),
1151 3805 1197 3862 tre
1213 3801 1297 3881 (per)
1314 3809 1374 3861 etc.

393 3902 454 3966 VI.
486 3901 579 3966 Duae
600 3921 758 3966 consonae
774 3899 939 3964 finientes:
966 3901 1030 3978 alb,
1047 3903 1103 3986 αῐρ
1118 3905 1249 3985 (mons),
1269 3903 1328 3966 orb
1344 3901 1452 3984 maa),

308 4009 372 4074 ard
385 4007 497 4090 (altus)
512 4015 573 4069 etc.

394 4113 474 4176 VII.
507 4112 599 4174 Duae
621 4132 778 4174 consonae
799 4109 938 4176 initiales
960 4133 1034 4176 eum
1056 4113 1152 4176 unica
1170 4111 1277 4177 finali:
1304 4114 1380 4188 brot,
1401 4113 1456 4174 ortt

310 4217 509 4302 (judicium),
528 4216 598 4299 ortp
614 4215 740 4298 (valor),
759 4215 826 4300 dlip
841 4219 994 4300 (debere).

394 4323 492 4388 VIII.
527 4321 630 4384 Unica
652 4341 791 4384 consona
813 4321 967 4385 inchoans
990 4345 1065 4386 cum
1086 4323 1210 4386 duabus
1233 4323 1452 4388 terminalibus:

308 4448 381 4511 very
397 4427 549 4508 (efficax),
569 4427 638 4490 dall
655 4429 797 4510 (figura),
817 4427 888 4510 dely
905 4427 1057 4509 (condole,
1075 4427 1283 4511 comparatio)
1299 4441 1360 4492 etc.
