<?xml version="1.0" encoding="UTF-8"?>
<!DOCTYPE html PUBLIC "-//W3C//DTD XHTML 1.0 Transitional//EN"
    "http://www.w3.org/TR/xhtml1/DTD/xhtml1-transitional.dtd">
<html xmlns="http://www.w3.org/1999/xhtml" xml:lang="en" lang="en">
 <head>
  <title>
</title>
<meta http-equiv="Content-Type" content="text/html;charset=utf-8" />
  <meta name='ocr-system' content='tesseract 3.04.00' />
  <meta name='ocr-capabilities' content='ocr_page ocr_carea ocr_par ocr_line ocrx_word'/>
</head>
<body>
  <div class='ocr_page' id='page_1' title='image "./grammaticacelti01zeusgoog_0434.png"; bbox 0 0 3004 5066; ppageno 0'>
   <div class='ocr_carea' id='block_1_1' title="bbox 293 325 1207 394">
    <p class='ocr_par' dir='ltr' id='par_1_1' title="bbox 293 325 1207 394">
     <span class='ocr_line' id='line_1_1' title="bbox 293 325 1207 394; baseline 0.002 -5"><span class='ocrx_word' id='word_1_1' title='bbox 293 325 356 390; x_wconf 87' lang='grc'>986</span> <span class='ocrx_word' id='word_1_2' title='bbox 544 349 729 394; x_wconf 75' lang='lat' dir='ltr'>arranmx.</span> <span class='ocrx_word' id='word_1_3' title='bbox 762 349 971 394; x_wconf 75' lang='lat' dir='ltr'>sanrnnrrrr.</span> <span class='ocrx_word' id='word_1_4' title='bbox 988 349 1207 394; x_wconf 75' lang='lat' dir='ltr'>ninannrcsn.</span> 
     </span>
    </p>
   </div>
   <div class='ocr_carea' id='block_1_2' title="bbox 284 495 1439 899">
    <p class='ocr_par' dir='ltr' id='par_1_2' title="bbox 284 495 1439 899">
     <span class='ocr_line' id='line_1_2' title="bbox 293 495 1437 584; baseline -0.002 -23"><span class='ocrx_word' id='word_1_5' title='bbox 293 495 431 574; x_wconf 76' lang='lat' dir='ltr'>deiridlt,</span> <span class='ocrx_word' id='word_1_6' title='bbox 450 497 617 582; x_wconf 74' lang='lat' dir='ltr'>dcireadlr)</span> <span class='ocrx_word' id='word_1_7' title='bbox 637 505 720 562; x_wconf 80' lang='lat'><strong>101⁸.</strong></span> <span class='ocrx_word' id='word_1_8' title='bbox 742 497 825 561; x_wconf 69' lang='grc'><strong>1181.</strong></span> <span class='ocrx_word' id='word_1_9' title='bbox 848 499 989 564; x_wconf 79' lang='lat' dir='ltr'>s&#39;tsillaba</span> <span class='ocrx_word' id='word_1_10' title='bbox 996 499 1127 584; x_wconf 83' lang='lat' dir='ltr'>sodlidi</span> <span class='ocrx_word' id='word_1_11' title='bbox 1140 498 1270 582; x_wconf 80' lang='lat' dir='ltr'>issollus</span> <span class='ocrx_word' id='word_1_12' title='bbox 1283 501 1336 560; x_wconf 77' lang='lat' dir='ltr'>scin</span> <span class='ocrx_word' id='word_1_13' title='bbox 1350 497 1437 559; x_wconf 77' lang='lat' dir='ltr'>osind-</span> 
     </span>
     <span class='ocr_line' id='line_1_3' title="bbox 284 593 1439 688; baseline -0.002 -23"><span class='ocrx_word' id='word_1_14' title='bbox 284 593 362 688; x_wconf 83' lang='lat' dir='ltr'>sers</span> <span class='ocrx_word' id='word_1_15' title='bbox 379 603 436 686; x_wconf 88' lang='lat' dir='ltr'>(gl.</span> <span class='ocrx_word' id='word_1_16' title='bbox 456 605 612 669; x_wconf 80' lang='lat' dir='ltr'><strong>Horatius</strong></span> <span class='ocrx_word' id='word_1_17' title='bbox 628 605 781 668; x_wconf 84' lang='lat' dir='ltr'>Alcinous</span> <span class='ocrx_word' id='word_1_18' title='bbox 797 605 925 670; x_wconf 82' lang='lat' dir='ltr'>Alcinoi</span> <span class='ocrx_word' id='word_1_19' title='bbox 947 603 1119 668; x_wconf 73' lang='lat' dir='ltr'>declinavit</span> <span class='ocrx_word' id='word_1_20' title='bbox 1140 605 1174 666; x_wconf 90' lang='lat' dir='ltr'>in</span> <span class='ocrx_word' id='word_1_21' title='bbox 1196 604 1300 687; x_wconf 90' lang='lat' dir='ltr'>primo</span> <span class='ocrx_word' id='word_1_22' title='bbox 1314 602 1439 684; x_wconf 82' lang='lat' dir='ltr'>epistola·</span> 
     </span>
     <span class='ocr_line' id='line_1_4' title="bbox 292 707 1439 794; baseline -0.001 -25"><span class='ocrx_word' id='word_1_23' title='bbox 292 729 375 784; x_wconf 90' lang='lat' dir='ltr'>rum,</span> <span class='ocrx_word' id='word_1_24' title='bbox 394 719 430 771; x_wconf 86' lang='lat' dir='ltr'>ut</span> <span class='ocrx_word' id='word_1_25' title='bbox 446 709 625 787; x_wconf 87' lang='lat' dir='ltr'>Panthous,</span> <span class='ocrx_word' id='word_1_26' title='bbox 644 711 744 774; x_wconf 82' lang='lat' dir='ltr'>Prisc.</span> <span class='ocrx_word' id='word_1_27' title='bbox 765 719 872 788; x_wconf 43' lang='lat' dir='ltr'>o,*17;</span> <span class='ocrx_word' id='word_1_28' title='bbox 891 711 913 774; x_wconf 90' lang='lat' dir='ltr'>i.</span> <span class='ocrx_word' id='word_1_29' title='bbox 932 733 959 774; x_wconf 91' lang='lat' dir='ltr'>e.</span> <span class='ocrx_word' id='word_1_30' title='bbox 979 721 1056 774; x_wconf 89' lang='lat' dir='ltr'>sunt</span> <span class='ocrx_word' id='word_1_31' title='bbox 1071 710 1211 794; x_wconf 76' lang='lat' dir='ltr'>syllabae</span> <span class='ocrx_word' id='word_1_32' title='bbox 1226 709 1354 784; x_wconf 84' lang='lat' dir='ltr'>divisae,</span> <span class='ocrx_word' id='word_1_33' title='bbox 1371 707 1439 770; x_wconf 90' lang='lat' dir='ltr'>haud</span> 
     </span>
     <span class='ocr_line' id='line_1_5' title="bbox 292 813 778 899; baseline 0.006 -24"><span class='ocrx_word' id='word_1_34' title='bbox 292 813 388 876; x_wconf 87' lang='lat' dir='ltr'>dubie</span> <span class='ocrx_word' id='word_1_35' title='bbox 403 814 463 878; x_wconf 91' lang='lat' dir='ltr'>hoc</span> <span class='ocrx_word' id='word_1_36' title='bbox 479 817 519 878; x_wconf 92' lang='lat' dir='ltr'>ob</span> <span class='ocrx_word' id='word_1_37' title='bbox 534 819 675 899; x_wconf 89' lang='lat' dir='ltr'>versum)</span> <span class='ocrx_word' id='word_1_38' title='bbox 694 813 778 878; x_wconf 69' lang='grc'><strong>1111.</strong></span> 
     </span>
    </p>
   </div>
   <div class='ocr_carea' id='block_1_3' title="bbox 685 1069 1066 1136">
    <p class='ocr_par' dir='ltr' id='par_1_3' title="bbox 685 1069 1066 1136">
     <span class='ocr_line' id='line_1_6' title="bbox 685 1069 1066 1136; baseline -0.008 0"><span class='ocrx_word' id='word_1_39' title='bbox 685 1073 724 1136; x_wconf 85' lang='grc' dir='ltr'>Β.</span> <span class='ocrx_word' id='word_1_40' title='bbox 771 1069 1066 1136; x_wconf 84' lang='lat' dir='ltr'>Sententiae.</span> 
     </span>
    </p>
   </div>
   <div class='ocr_carea' id='block_1_4' title="bbox 287 1257 1440 1973">
    <p class='ocr_par' dir='ltr' id='par_1_4' title="bbox 292 1257 1440 1442">
     <span class='ocr_line' id='line_1_7' title="bbox 383 1257 1440 1342; baseline 0 -24"><span class='ocrx_word' id='word_1_41' title='bbox 383 1265 409 1319; x_wconf 93' lang='lat' dir='ltr'>l.</span> <span class='ocrx_word' id='word_1_42' title='bbox 442 1259 511 1340; x_wconf 82' lang='lat' dir='ltr'>Nip</span> <span class='ocrx_word' id='word_1_43' title='bbox 534 1258 604 1320; x_wconf 82' lang='lat' dir='ltr'>suia</span> <span class='ocrx_word' id='word_1_44' title='bbox 623 1257 832 1322; x_wconf 65' lang='lat' dir='ltr'>caveasbmvlzor</span> <span class='ocrx_word' id='word_1_45' title='bbox 848 1257 963 1341; x_wconf 75' lang='lat' dir='ltr'>hopian</span> <span class='ocrx_word' id='word_1_46' title='bbox 980 1267 1010 1320; x_wconf 82' lang='lat' dir='ltr'>et</span> <span class='ocrx_word' id='word_1_47' title='bbox 1024 1257 1145 1321; x_wconf 74' lang='lat' dir='ltr'>ambesa</span> <span class='ocrx_word' id='word_1_48' title='bbox 1161 1257 1303 1322; x_wconf 79' lang='lat' dir='ltr'>dicridin</span> <span class='ocrx_word' id='word_1_49' title='bbox 1318 1257 1372 1342; x_wconf 83' lang='grc'><strong>(31.</strong></span> <span class='ocrx_word' id='word_1_50' title='bbox 1387 1257 1440 1320; x_wconf 84' lang='lat' dir='ltr'>sine</span> 
     </span>
     <span class='ocr_line' id='line_1_8' title="bbox 292 1359 862 1442; baseline 0 -16"><span class='ocrx_word' id='word_1_51' title='bbox 292 1363 495 1426; x_wconf 84' lang='lat' dir='ltr'>simulatione</span> <span class='ocrx_word' id='word_1_52' title='bbox 510 1363 550 1425; x_wconf 90' lang='lat' dir='ltr'>sit</span> <span class='ocrx_word' id='word_1_53' title='bbox 567 1362 707 1442; x_wconf 79' lang='lat' dir='ltr'>dilectio)</span> <span class='ocrx_word' id='word_1_54' title='bbox 725 1365 799 1425; x_wconf 86' lang='lat' dir='ltr'>Wb.</span> <span class='ocrx_word' id='word_1_55' title='bbox 820 1359 862 1425; x_wconf 70' lang='lat'>5⁴.</span> 
     </span>
    </p>

    <p class='ocr_par' dir='ltr' id='par_1_5' title="bbox 291 1467 1439 1658">
     <span class='ocr_line' id='line_1_9' title="bbox 379 1467 1439 1556; baseline 0.001 -27"><span class='ocrx_word' id='word_1_56' title='bbox 379 1473 408 1530; x_wconf 83' lang='lat'>2.</span> <span class='ocrx_word' id='word_1_57' title='bbox 442 1467 699 1554; x_wconf 74' lang='lat' dir='ltr'>Badsuairrecla</span> <span class='ocrx_word' id='word_1_58' title='bbox 718 1469 793 1532; x_wconf 74' lang='lat' dir='ltr'>erich</span> <span class='ocrx_word' id='word_1_59' title='bbox 800 1468 955 1556; x_wconf 80' lang='lat' dir='ltr'>frt&#39;alaile</span> <span class='ocrx_word' id='word_1_60' title='bbox 970 1469 1137 1532; x_wconf 81' lang='lat' dir='ltr'>endescrcc</span> <span class='ocrx_word' id='word_1_61' title='bbox 1152 1469 1325 1534; x_wconf 70' lang='lat' dir='ltr'>bruchardi</span> <span class='ocrx_word' id='word_1_62' title='bbox 1336 1469 1388 1554; x_wconf 84' lang='lat' dir='ltr'>(gl.</span> <span class='ocrx_word' id='word_1_63' title='bbox 1402 1489 1439 1530; x_wconf 83' lang='lat' dir='ltr'>ca·</span> 
     </span>
     <span class='ocr_line' id='line_1_10' title="bbox 291 1569 1067 1658; baseline -0.003 -22"><span class='ocrx_word' id='word_1_64' title='bbox 291 1574 384 1638; x_wconf 78' lang='lat' dir='ltr'>ritate</span> <span class='ocrx_word' id='word_1_65' title='bbox 400 1573 606 1638; x_wconf 83' lang='lat' dir='ltr'>fraternitatis</span> <span class='ocrx_word' id='word_1_66' title='bbox 622 1575 758 1638; x_wconf 88' lang='lat' dir='ltr'>invicem</span> <span class='ocrx_word' id='word_1_67' title='bbox 774 1574 911 1658; x_wconf 88' lang='lat' dir='ltr'>diligite)</span> <span class='ocrx_word' id='word_1_68' title='bbox 928 1575 1003 1638; x_wconf 90' lang='lat' dir='ltr'>Wb.</span> <span class='ocrx_word' id='word_1_69' title='bbox 1024 1569 1067 1635; x_wconf 76' lang='lat'><strong>5¹¹.</strong></span> 
     </span>
    </p>

    <p class='ocr_par' dir='ltr' id='par_1_6' title="bbox 287 1679 1440 1973">
     <span class='ocr_line' id='line_1_11' title="bbox 380 1679 1440 1765; baseline 0 -23"><span class='ocrx_word' id='word_1_70' title='bbox 380 1687 408 1742; x_wconf 90' lang='grc'>3.</span> <span class='ocrx_word' id='word_1_71' title='bbox 442 1683 493 1744; x_wconf 83' lang='lat' dir='ltr'>Ni</span> <span class='ocrx_word' id='word_1_72' title='bbox 511 1681 589 1744; x_wconf 81' lang='lat' dir='ltr'>dene</span> <span class='ocrx_word' id='word_1_73' title='bbox 608 1680 939 1765; x_wconf 81' lang='lat' dir='ltr'>comrudfrissinulco</span> <span class='ocrx_word' id='word_1_74' title='bbox 954 1681 1102 1742; x_wconf 83' lang='lat' dir='ltr'>arnobad</span> <span class='ocrx_word' id='word_1_75' title='bbox 1115 1679 1208 1744; x_wconf 77' lang='lat' dir='ltr'>halec</span> <span class='ocrx_word' id='word_1_76' title='bbox 1223 1682 1385 1744; x_wconf 83' lang='lat' dir='ltr'>diblinaid.</span> <span class='ocrx_word' id='word_1_77' title='bbox 1400 1683 1440 1743; x_wconf 75' lang='lat' dir='ltr'>de</span> 
     </span>
     <span class='ocr_line' id='line_1_12' title="bbox 287 1785 1438 1872; baseline 0.001 -23"><span class='ocrx_word' id='word_1_78' title='bbox 287 1785 389 1869; x_wconf 74' lang='lat' dir='ltr'>paiste</span> <span class='ocrx_word' id='word_1_79' title='bbox 404 1785 504 1850; x_wconf 72' lang='lat' dir='ltr'>moitis</span> <span class='ocrx_word' id='word_1_80' title='bbox 511 1786 651 1872; x_wconf 79' lang='lat' dir='ltr'>friscam</span> <span class='ocrx_word' id='word_1_81' title='bbox 667 1793 697 1850; x_wconf 83' lang='lat' dir='ltr'>ct</span> <span class='ocrx_word' id='word_1_82' title='bbox 712 1786 767 1850; x_wconf 81' lang='lat' dir='ltr'>hid</span> <span class='ocrx_word' id='word_1_83' title='bbox 780 1785 871 1848; x_wconf 88' lang='lat' dir='ltr'>maid</span> <span class='ocrx_word' id='word_1_84' title='bbox 883 1807 949 1849; x_wconf 84' lang='lat' dir='ltr'>som</span> <span class='ocrx_word' id='word_1_85' title='bbox 965 1785 1070 1849; x_wconf 83' lang='lat' dir='ltr'>iarum</span> <span class='ocrx_word' id='word_1_86' title='bbox 1084 1786 1141 1870; x_wconf 86' lang='lat' dir='ltr'>(gl.</span> <span class='ocrx_word' id='word_1_87' title='bbox 1157 1787 1224 1850; x_wconf 89' lang='lat' dir='ltr'>noli</span> <span class='ocrx_word' id='word_1_88' title='bbox 1237 1787 1323 1850; x_wconf 84' lang='lat' dir='ltr'>vinci</span> <span class='ocrx_word' id='word_1_89' title='bbox 1335 1809 1352 1850; x_wconf 85' lang='lat' dir='ltr'>a</span> <span class='ocrx_word' id='word_1_90' title='bbox 1363 1787 1438 1860; x_wconf 85' lang='lat' dir='ltr'>rnalo,</span> 
     </span>
     <span class='ocr_line' id='line_1_13' title="bbox 290 1887 905 1973; baseline -0.003 -19"><span class='ocrx_word' id='word_1_91' title='bbox 290 1891 346 1954; x_wconf 89' lang='lat' dir='ltr'>sed</span> <span class='ocrx_word' id='word_1_92' title='bbox 361 1891 451 1954; x_wconf 87' lang='lat' dir='ltr'>vince</span> <span class='ocrx_word' id='word_1_93' title='bbox 466 1891 502 1954; x_wconf 92' lang='lat' dir='ltr'>in</span> <span class='ocrx_word' id='word_1_94' title='bbox 516 1892 600 1954; x_wconf 91' lang='lat' dir='ltr'>bono</span> <span class='ocrx_word' id='word_1_95' title='bbox 614 1892 749 1973; x_wconf 89' lang='lat' dir='ltr'>malum)</span> <span class='ocrx_word' id='word_1_96' title='bbox 766 1892 842 1954; x_wconf 90' lang='lat' dir='ltr'>Wb.</span> <span class='ocrx_word' id='word_1_97' title='bbox 862 1887 905 1952; x_wconf 72' lang='lat'>5⁶.</span> 
     </span>
    </p>
   </div>
   <div class='ocr_carea' id='block_1_5' title="bbox 289 2125 1494 4496">
    <p class='ocr_par' dir='ltr' id='par_1_7' title="bbox 289 2125 1494 3050">
     <span class='ocr_line' id='line_1_14' title="bbox 362 2125 1442 2199; baseline 0.001 -19"><span class='ocrx_word' id='word_1_98' title='bbox 362 2131 386 2180; x_wconf 93' lang='grc'><strong>1.</strong></span> <span class='ocrx_word' id='word_1_99' title='bbox 409 2125 471 2181; x_wconf 87' lang='lat' dir='ltr'>“Ne</span> <span class='ocrx_word' id='word_1_100' title='bbox 490 2125 526 2180; x_wconf 83' lang='lat' dir='ltr'>sit</span> <span class='ocrx_word' id='word_1_101' title='bbox 543 2125 679 2181; x_wconf 85' lang='lat' dir='ltr'>diversum</span> <span class='ocrx_word' id='word_1_102' title='bbox 700 2128 773 2199; x_wconf 91' lang='lat' dir='ltr'>quod</span> <span class='ocrx_word' id='word_1_103' title='bbox 794 2127 894 2181; x_wconf 86' lang='lat' dir='ltr'>dicitur</span> <span class='ocrx_word' id='word_1_104' title='bbox 912 2145 958 2181; x_wconf 86' lang='lat' dir='ltr'>ore</span> <span class='ocrx_word' id='word_1_105' title='bbox 975 2133 1003 2180; x_wconf 85' lang='lat' dir='ltr'>et</span> <span class='ocrx_word' id='word_1_106' title='bbox 1016 2126 1089 2197; x_wconf 94' lang='lat' dir='ltr'>quod</span> <span class='ocrx_word' id='word_1_107' title='bbox 1101 2133 1143 2180; x_wconf 85' lang='lat' dir='ltr'>est</span> <span class='ocrx_word' id='word_1_108' title='bbox 1155 2127 1183 2180; x_wconf 93' lang='lat' dir='ltr'>in</span> <span class='ocrx_word' id='word_1_109' title='bbox 1196 2125 1307 2182; x_wconf 84' lang='lat' dir='ltr'>corde.”</span> <span class='ocrx_word' id='word_1_110' title='bbox 1332 2127 1393 2197; x_wconf 64' lang='lat' dir='ltr'>nup,</span> <span class='ocrx_word' id='word_1_111' title='bbox 1405 2145 1442 2196; x_wconf 81' lang='lat' dir='ltr'>pra</span> 
     </span>
     <span class='ocr_line' id='line_1_15' title="bbox 291 2209 1441 2284; baseline 0.001 -21"><span class='ocrx_word' id='word_1_112' title='bbox 291 2209 387 2275; x_wconf 75' lang='lat' dir='ltr'>radbod,</span> <span class='ocrx_word' id='word_1_113' title='bbox 403 2212 491 2276; x_wconf 82' lang='lat' dir='ltr'>m&#39;bad,</span> <span class='ocrx_word' id='word_1_114' title='bbox 507 2213 578 2278; x_wconf 83' lang='lat' dir='ltr'>niba,</span> <span class='ocrx_word' id='word_1_115' title='bbox 593 2231 627 2266; x_wconf 91' lang='lat' dir='ltr'>ne</span> <span class='ocrx_word' id='word_1_116' title='bbox 646 2213 682 2267; x_wconf 86' lang='lat' dir='ltr'>sit</span> <span class='ocrx_word' id='word_1_117' title='bbox 703 2213 748 2284; x_wconf 83' lang='lat' dir='ltr'>(ci.</span> <span class='ocrx_word' id='word_1_118' title='bbox 769 2229 796 2283; x_wconf 90' lang='lat' dir='ltr'>p.</span> <span class='ocrx_word' id='word_1_119' title='bbox 812 2215 872 2265; x_wconf 80' lang='grc'><strong>185.</strong></span> <span class='ocrx_word' id='word_1_120' title='bbox 887 2215 947 2265; x_wconf 78' lang='grc'><strong>187.</strong></span> <span class='ocrx_word' id='word_1_121' title='bbox 962 2212 1034 2282; x_wconf 79' lang='grc'><strong>105).</strong></span> <span class='ocrx_word' id='word_1_122' title='bbox 1060 2213 1125 2283; x_wconf 88' lang='lat' dir='ltr'>Adj.</span> <span class='ocrx_word' id='word_1_123' title='bbox 1140 2213 1209 2276; x_wconf 80' lang='lat' dir='ltr'>aar&#39;n,</span> <span class='ocrx_word' id='word_1_124' title='bbox 1222 2213 1284 2266; x_wconf 82' lang='lat' dir='ltr'>sdin</span> <span class='ocrx_word' id='word_1_125' title='bbox 1300 2215 1345 2284; x_wconf 81' lang='lat' dir='ltr'>(cl.</span> <span class='ocrx_word' id='word_1_126' title='bbox 1357 2231 1382 2284; x_wconf 88' lang='lat' dir='ltr'>p.</span> <span class='ocrx_word' id='word_1_127' title='bbox 1394 2213 1441 2284; x_wconf 58' lang='lat' dir='ltr'>tri)</span> 
     </span>
     <span class='ocr_line' id='line_1_16' title="bbox 290 2297 1443 2366; baseline 0.004 -18"><span class='ocrx_word' id='word_1_128' title='bbox 290 2297 397 2366; x_wconf 82' lang='lat' dir='ltr'>saepius</span> <span class='ocrx_word' id='word_1_129' title='bbox 409 2297 529 2353; x_wconf 87' lang='lat' dir='ltr'>obvium.</span> <span class='ocrx_word' id='word_1_130' title='bbox 548 2301 583 2353; x_wconf 93' lang='lat' dir='ltr'>In</span> <span class='ocrx_word' id='word_1_131' title='bbox 592 2301 656 2354; x_wconf 87' lang='lat' dir='ltr'>Wb.</span> <span class='ocrx_word' id='word_1_132' title='bbox 670 2303 713 2352; x_wconf 72' lang='grc' dir='ltr'>13ο</span> <span class='ocrx_word' id='word_1_133' title='bbox 724 2299 753 2352; x_wconf 87' lang='lat' dir='ltr'>in</span> <span class='ocrx_word' id='word_1_134' title='bbox 766 2298 914 2352; x_wconf 78' lang='lat' dir='ltr'>sententiar</span> <span class='ocrx_word' id='word_1_135' title='bbox 929 2297 981 2350; x_wconf 86' lang='lat' dir='ltr'>alia</span> <span class='ocrx_word' id='word_1_136' title='bbox 993 2297 1100 2350; x_wconf 73' lang='lat' dir='ltr'>claritas</span> <span class='ocrx_word' id='word_1_137' title='bbox 1113 2297 1187 2362; x_wconf 83' lang='lat' dir='ltr'>solis,</span> <span class='ocrx_word' id='word_1_138' title='bbox 1199 2299 1254 2352; x_wconf 86' lang='lat' dir='ltr'>alia</span> <span class='ocrx_word' id='word_1_139' title='bbox 1266 2301 1371 2354; x_wconf 73' lang='lat' dir='ltr'>claritas</span> <span class='ocrx_word' id='word_1_140' title='bbox 1379 2300 1443 2353; x_wconf 75' lang='lat' dir='ltr'>lunae</span> 
     </span>
     <span class='ocr_line' id='line_1_17' title="bbox 290 2381 1494 2456; baseline 0.003 -22"><span class='ocrx_word' id='word_1_141' title='bbox 290 2389 319 2434; x_wconf 88' lang='lat' dir='ltr'>et</span> <span class='ocrx_word' id='word_1_142' title='bbox 336 2381 496 2436; x_wconf 80' lang='lat' dir='ltr'>aliaclaritas</span> <span class='ocrx_word' id='word_1_143' title='bbox 509 2385 657 2450; x_wconf 86' lang='lat' dir='ltr'>stellarum,</span> <span class='ocrx_word' id='word_1_144' title='bbox 672 2403 753 2456; x_wconf 85' lang='lat' dir='ltr'>supra</span> <span class='ocrx_word' id='word_1_145' title='bbox 764 2401 858 2438; x_wconf 87' lang='lat' dir='ltr'>vocem</span> <span class='ocrx_word' id='word_1_146' title='bbox 870 2383 931 2448; x_wconf 87' lang='lat' dir='ltr'>alia,</span> <span class='ocrx_word' id='word_1_147' title='bbox 945 2383 964 2436; x_wconf 89' lang='lat' dir='ltr'>i.</span> <span class='ocrx_word' id='word_1_148' title='bbox 979 2401 1003 2436; x_wconf 87' lang='lat' dir='ltr'>e.</span> <span class='ocrx_word' id='word_1_149' title='bbox 1018 2383 1133 2446; x_wconf 86' lang='lat' dir='ltr'>diversa,</span> <span class='ocrx_word' id='word_1_150' title='bbox 1148 2384 1175 2436; x_wconf 91' lang='lat' dir='ltr'>in</span> <span class='ocrx_word' id='word_1_151' title='bbox 1189 2384 1279 2438; x_wconf 85' lang='lat' dir='ltr'>tribus</span> <span class='ocrx_word' id='word_1_152' title='bbox 1292 2385 1358 2440; x_wconf 86' lang='lat' dir='ltr'>locis</span> <span class='ocrx_word' id='word_1_153' title='bbox 1369 2401 1444 2456; x_wconf 77' lang='lat' dir='ltr'>supra·</span> <span class='ocrx_word' id='word_1_154' title='bbox 1493 2441 1494 2444; x_wconf 59' lang='grc'>,</span> 
     </span>
     <span class='ocr_line' id='line_1_18' title="bbox 290 2467 1443 2541; baseline -0.001 -22"><span class='ocrx_word' id='word_1_155' title='bbox 290 2467 419 2536; x_wconf 85' lang='lat' dir='ltr'>scriptum</span> <span class='ocrx_word' id='word_1_156' title='bbox 438 2468 539 2538; x_wconf 85' lang='lat' dir='ltr'>legitur</span> <span class='ocrx_word' id='word_1_157' title='bbox 557 2469 625 2534; x_wconf 76' lang='lat' dir='ltr'>sai&#39;u,</span> <span class='ocrx_word' id='word_1_158' title='bbox 640 2471 704 2524; x_wconf 91' lang='lat' dir='ltr'>item</span> <span class='ocrx_word' id='word_1_159' title='bbox 723 2471 751 2523; x_wconf 92' lang='lat' dir='ltr'>in</span> <span class='ocrx_word' id='word_1_160' title='bbox 766 2471 813 2540; x_wconf 81' lang='lat' dir='ltr'>sg.</span> <span class='ocrx_word' id='word_1_161' title='bbox 828 2474 864 2522; x_wconf 73' lang='grc' dir='ltr'>δ’.</span> <span class='ocrx_word' id='word_1_162' title='bbox 880 2469 908 2521; x_wconf 80' lang='grc'><strong>61</strong></span> <span class='ocrx_word' id='word_1_163' title='bbox 927 2469 1052 2521; x_wconf 84' lang='lat' dir='ltr'>iteratum</span> <span class='ocrx_word' id='word_1_164' title='bbox 1064 2468 1132 2532; x_wconf 82' lang='lat' dir='ltr'>sain,</span> <span class='ocrx_word' id='word_1_165' title='bbox 1147 2467 1185 2539; x_wconf 88' lang='lat' dir='ltr'>pl.</span> <span class='ocrx_word' id='word_1_166' title='bbox 1199 2469 1273 2522; x_wconf 79' lang='lat' dir='ltr'>suini</span> <span class='ocrx_word' id='word_1_167' title='bbox 1285 2471 1334 2541; x_wconf 87' lang='grc'><strong>(31.</strong></span> <span class='ocrx_word' id='word_1_168' title='bbox 1348 2471 1402 2532; x_wconf 81' lang='lat' dir='ltr'>alia,</span> <span class='ocrx_word' id='word_1_169' title='bbox 1414 2469 1443 2538; x_wconf 84' lang='grc'><strong>31.</strong></span> 
     </span>
     <span class='ocr_line' id='line_1_19' title="bbox 289 2551 1445 2626; baseline 0 -22"><span class='ocrx_word' id='word_1_170' title='bbox 289 2551 367 2616; x_wconf 86' lang='lat' dir='ltr'>aliae,</span> <span class='ocrx_word' id='word_1_171' title='bbox 382 2552 496 2623; x_wconf 85' lang='lat' dir='ltr'>literae).</span> <span class='ocrx_word' id='word_1_172' title='bbox 515 2556 700 2620; x_wconf 61' lang='lat' dir='ltr'>anastasiae,</span> <span class='ocrx_word' id='word_1_173' title='bbox 715 2573 786 2626; x_wconf 83' lang='lat' dir='ltr'>pass.</span> <span class='ocrx_word' id='word_1_174' title='bbox 801 2553 875 2608; x_wconf 88' lang='lat' dir='ltr'>verbi</span> <span class='ocrx_word' id='word_1_175' title='bbox 893 2553 984 2606; x_wconf 80' lang='lat' dir='ltr'>asbiur</span> <span class='ocrx_word' id='word_1_176' title='bbox 1002 2569 1155 2622; x_wconf 81' lang='lat' dir='ltr'>cumpton.</span> <span class='ocrx_word' id='word_1_177' title='bbox 1170 2553 1260 2617; x_wconf 64' lang='lat' dir='ltr'>relat„</span> <span class='ocrx_word' id='word_1_178' title='bbox 1275 2555 1351 2624; x_wconf 90' lang='lat' dir='ltr'>quod</span> <span class='ocrx_word' id='word_1_179' title='bbox 1362 2553 1445 2624; x_wconf 80' lang='lat' dir='ltr'>proler-</span> 
     </span>
     <span class='ocr_line' id='line_1_20' title="bbox 290 2637 1443 2710; baseline 0.002 -19"><span class='ocrx_word' id='word_1_180' title='bbox 290 2645 344 2691; x_wconf 85' lang='lat' dir='ltr'>tur.</span> <span class='ocrx_word' id='word_1_181' title='bbox 359 2637 465 2707; x_wconf 78' lang='lat' dir='ltr'>iopiurr,</span> <span class='ocrx_word' id='word_1_182' title='bbox 480 2639 603 2704; x_wconf 71' lang='lat' dir='ltr'>iacridia,</span> <span class='ocrx_word' id='word_1_183' title='bbox 618 2640 637 2693; x_wconf 91' lang='lat' dir='ltr'>i.</span> <span class='ocrx_word' id='word_1_184' title='bbox 652 2659 675 2693; x_wconf 89' lang='lat' dir='ltr'>e.</span> <span class='ocrx_word' id='word_1_185' title='bbox 695 2659 709 2692; x_wconf 90' lang='lat' dir='ltr'>o</span> <span class='ocrx_word' id='word_1_186' title='bbox 727 2641 802 2710; x_wconf 75' lang='lat' dir='ltr'>piem,</span> <span class='ocrx_word' id='word_1_187' title='bbox 824 2639 836 2691; x_wconf 85' lang='lat' dir='ltr'>i</span> <span class='ocrx_word' id='word_1_188' title='bbox 852 2637 946 2702; x_wconf 65' lang='lat' dir='ltr'>cardiu,</span> <span class='ocrx_word' id='word_1_189' title='bbox 961 2655 995 2691; x_wconf 84' lang='lat' dir='ltr'>ex</span> <span class='ocrx_word' id='word_1_190' title='bbox 1013 2655 1068 2702; x_wconf 87' lang='lat' dir='ltr'>ore,</span> <span class='ocrx_word' id='word_1_191' title='bbox 1083 2637 1213 2701; x_wconf 73' lang='lat' dir='ltr'>incarne,</span> <span class='ocrx_word' id='word_1_192' title='bbox 1230 2637 1288 2690; x_wconf 85' lang='lat' dir='ltr'>dat.</span> <span class='ocrx_word' id='word_1_193' title='bbox 1304 2641 1386 2693; x_wconf 49' lang='lat' dir='ltr'>subst„</span> <span class='ocrx_word' id='word_1_194' title='bbox 1395 2657 1443 2708; x_wconf 72' lang='lat' dir='ltr'>pen.</span> 
     </span>
     <span class='ocr_line' id='line_1_21' title="bbox 289 2721 1445 2794; baseline -0.002 -19"><span class='ocrx_word' id='word_1_195' title='bbox 289 2723 377 2782; x_wconf 76' lang='lat' dir='ltr'>eride.-</span> <span class='ocrx_word' id='word_1_196' title='bbox 396 2725 492 2794; x_wconf 85' lang='lat' dir='ltr'>prioris</span> <span class='ocrx_word' id='word_1_197' title='bbox 505 2727 576 2778; x_wconf 81' lang='lat' dir='ltr'>idern</span> <span class='ocrx_word' id='word_1_198' title='bbox 590 2743 667 2778; x_wconf 82' lang='lat' dir='ltr'>casus</span> <span class='ocrx_word' id='word_1_199' title='bbox 679 2727 707 2779; x_wconf 90' lang='lat' dir='ltr'>in</span> <span class='ocrx_word' id='word_1_200' title='bbox 721 2726 785 2778; x_wconf 90' lang='lat' dir='ltr'>Wb.</span> <span class='ocrx_word' id='word_1_201' title='bbox 800 2723 845 2778; x_wconf 66' lang='lat' dir='ltr'>ll:</span> <span class='ocrx_word' id='word_1_202' title='bbox 866 2721 1016 2791; x_wconf 73' lang='lat' dir='ltr'>incsouitiu</span> <span class='ocrx_word' id='word_1_203' title='bbox 1029 2721 1122 2791; x_wconf 76' lang='lat' dir='ltr'>inpsim</span> <span class='ocrx_word' id='word_1_204' title='bbox 1136 2723 1283 2792; x_wconf 81' lang='lat' dir='ltr'>(confessio</span> <span class='ocrx_word' id='word_1_205' title='bbox 1297 2725 1325 2777; x_wconf 93' lang='lat' dir='ltr'>in</span> <span class='ocrx_word' id='word_1_206' title='bbox 1338 2725 1398 2793; x_wconf 82' lang='lat' dir='ltr'>ore),</span> <span class='ocrx_word' id='word_1_207' title='bbox 1410 2721 1445 2773; x_wconf 66' lang='lat' dir='ltr'>de</span> 
     </span>
     <span class='ocr_line' id='line_1_22' title="bbox 290 2807 1445 2881; baseline -0.002 -19"><span class='ocrx_word' id='word_1_208' title='bbox 290 2807 356 2862; x_wconf 87' lang='lat' dir='ltr'>min.</span> <span class='ocrx_word' id='word_1_209' title='bbox 370 2810 399 2862; x_wconf 90' lang='lat' dir='ltr'>in</span> <span class='ocrx_word' id='word_1_210' title='bbox 413 2809 459 2878; x_wconf 86' lang='lat' dir='ltr'>Sg.</span> <span class='ocrx_word' id='word_1_211' title='bbox 473 2815 532 2863; x_wconf 75' lang='lat' dir='ltr'>lti¹=</span> <span class='ocrx_word' id='word_1_212' title='bbox 545 2811 629 2880; x_wconf 74' lang='lat' dir='ltr'>pindo</span> <span class='ocrx_word' id='word_1_213' title='bbox 644 2811 691 2881; x_wconf 89' lang='grc'><strong>(31.</strong></span> <span class='ocrx_word' id='word_1_214' title='bbox 706 2811 851 2880; x_wconf 83' lang='lat' dir='ltr'>osculum).</span> <span class='ocrx_word' id='word_1_215' title='bbox 865 2809 975 2872; x_wconf 67' lang='lat' dir='ltr'>corben,</span> <span class='ocrx_word' id='word_1_216' title='bbox 991 2807 1065 2860; x_wconf 82' lang='lat' dir='ltr'>verbi</span> <span class='ocrx_word' id='word_1_217' title='bbox 1078 2807 1164 2860; x_wconf 67' lang='lat' dir='ltr'>subst</span> <span class='ocrx_word' id='word_1_218' title='bbox 1176 2807 1264 2860; x_wconf 79' lang='lat' dir='ltr'>forma</span> <span class='ocrx_word' id='word_1_219' title='bbox 1276 2809 1445 2862; x_wconf 72' lang='lat' dir='ltr'>relatiuam</span> 
     </span>
     <span class='ocr_line' id='line_1_23' title="bbox 290 2891 1444 2964; baseline -0.006 -18"><span class='ocrx_word' id='word_1_220' title='bbox 290 2911 367 2964; x_wconf 90' lang='lat' dir='ltr'>pron.</span> <span class='ocrx_word' id='word_1_221' title='bbox 381 2895 494 2948; x_wconf 86' lang='lat' dir='ltr'>relativo</span> <span class='ocrx_word' id='word_1_222' title='bbox 512 2913 556 2946; x_wconf 85' lang='lat' dir='ltr'>am</span> <span class='ocrx_word' id='word_1_223' title='bbox 575 2913 624 2964; x_wconf 92' lang='lat' dir='ltr'>pro</span> <span class='ocrx_word' id='word_1_224' title='bbox 642 2913 686 2948; x_wconf 79' lang='lat' dir='ltr'>aa.</span> <span class='ocrx_word' id='word_1_225' title='bbox 712 2895 877 2948; x_wconf 83' lang='lat' dir='ltr'>Particularn</span> <span class='ocrx_word' id='word_1_226' title='bbox 896 2893 1086 2963; x_wconf 77' lang='lat' dir='ltr'>copulativam,</span> <span class='ocrx_word' id='word_1_227' title='bbox 1101 2909 1170 2962; x_wconf 85' lang='lat' dir='ltr'>quae</span> <span class='ocrx_word' id='word_1_228' title='bbox 1191 2893 1295 2964; x_wconf 82' lang='lat' dir='ltr'>scripta</span> <span class='ocrx_word' id='word_1_229' title='bbox 1313 2898 1340 2946; x_wconf 76' lang='lat' dir='ltr'>ei</span> <span class='ocrx_word' id='word_1_230' title='bbox 1357 2895 1382 2946; x_wconf 92' lang='lat' dir='ltr'>in</span> <span class='ocrx_word' id='word_1_231' title='bbox 1393 2891 1444 2944; x_wconf 73' lang='lat' dir='ltr'>llo.</span> 
     </span>
     <span class='ocr_line' id='line_1_24' title="bbox 291 2979 702 3050; baseline 0.002 -19"><span class='ocrx_word' id='word_1_232' title='bbox 291 2979 416 3042; x_wconf 85' lang='lat' dir='ltr'>occurrit,</span> <span class='ocrx_word' id='word_1_233' title='bbox 430 2979 491 3048; x_wconf 86' lang='lat' dir='ltr'>lege</span> <span class='ocrx_word' id='word_1_234' title='bbox 503 2998 564 3032; x_wconf 73' lang='lat' dir='ltr'>occo</span> <span class='ocrx_word' id='word_1_235' title='bbox 578 2980 616 3050; x_wconf 90' lang='lat' dir='ltr'>(p.</span> <span class='ocrx_word' id='word_1_236' title='bbox 631 2981 702 3050; x_wconf 72' lang='lat' dir='ltr'>ool).</span> 
     </span>
    </p>

    <p class='ocr_par' dir='ltr' id='par_1_8' title="bbox 290 3059 1448 3729">
     <span class='ocr_line' id='line_1_25' title="bbox 360 3059 1446 3136; baseline -0.003 -20"><span class='ocrx_word' id='word_1_237' title='bbox 360 3068 385 3116; x_wconf 89' lang='grc'>2.</span> <span class='ocrx_word' id='word_1_238' title='bbox 408 3061 471 3116; x_wconf 86' lang='lat' dir='ltr'>“Sit</span> <span class='ocrx_word' id='word_1_239' title='bbox 484 3064 600 3118; x_wconf 84' lang='lat' dir='ltr'>clemens</span> <span class='ocrx_word' id='word_1_240' title='bbox 613 3065 701 3136; x_wconf 85' lang='lat' dir='ltr'>quivis</span> <span class='ocrx_word' id='word_1_241' title='bbox 714 3065 742 3118; x_wconf 91' lang='lat' dir='ltr'>in</span> <span class='ocrx_word' id='word_1_242' title='bbox 755 3065 838 3118; x_wconf 89' lang='lat' dir='ltr'>alium</span> <span class='ocrx_word' id='word_1_243' title='bbox 851 3081 940 3117; x_wconf 87' lang='lat' dir='ltr'>amore</span> <span class='ocrx_word' id='word_1_244' title='bbox 954 3059 1099 3116; x_wconf 84' lang='lat' dir='ltr'>fraterno.&#39;‘</span> <span class='ocrx_word' id='word_1_245' title='bbox 1126 3063 1190 3132; x_wconf 87' lang='lat' dir='ltr'>Adj.</span> <span class='ocrx_word' id='word_1_246' title='bbox 1198 3062 1355 3132; x_wconf 81' lang='lat' dir='ltr'>fuairreci,</span> <span class='ocrx_word' id='word_1_247' title='bbox 1369 3059 1446 3116; x_wconf 35' lang='lat' dir='ltr'>inulla</span> 
     </span>
     <span class='ocr_line' id='line_1_26' title="bbox 291 3147 1448 3222; baseline -0.003 -21"><span class='ocrx_word' id='word_1_248' title='bbox 291 3153 336 3202; x_wconf 70' lang='grc' dir='ltr'>20ο</span> <span class='ocrx_word' id='word_1_249' title='bbox 347 3150 482 3216; x_wconf 78' lang='lat' dir='ltr'>suarreci</span> <span class='ocrx_word' id='word_1_250' title='bbox 497 3149 545 3219; x_wconf 87' lang='grc'><strong>(31.</strong></span> <span class='ocrx_word' id='word_1_251' title='bbox 560 3151 700 3222; x_wconf 75' lang='lat' dir='ltr'>clemens),</span> <span class='ocrx_word' id='word_1_252' title='bbox 713 3148 927 3218; x_wconf 85' lang='lat' dir='ltr'>decompositum</span> <span class='ocrx_word' id='word_1_253' title='bbox 948 3165 1006 3201; x_wconf 82' lang='lat' dir='ltr'>essa</span> <span class='ocrx_word' id='word_1_254' title='bbox 1019 3147 1126 3200; x_wconf 88' lang='lat' dir='ltr'>videtur</span> <span class='ocrx_word' id='word_1_255' title='bbox 1136 3147 1330 3216; x_wconf 70' lang='lat' dir='ltr'>so-aitls-reci,</span> <span class='ocrx_word' id='word_1_256' title='bbox 1344 3147 1448 3218; x_wconf 58' lang='lat' dir='ltr'>danda</span> 
     </span>
     <span class='ocr_line' id='line_1_27' title="bbox 290 3233 1448 3304; baseline -0.003 -18"><span class='ocrx_word' id='word_1_257' title='bbox 290 3233 389 3288; x_wconf 78' lang='lat' dir='ltr'>radicis</span> <span class='ocrx_word' id='word_1_258' title='bbox 414 3234 492 3304; x_wconf 89' lang='lat' dir='ltr'>cujus</span> <span class='ocrx_word' id='word_1_259' title='bbox 516 3243 558 3290; x_wconf 82' lang='lat' dir='ltr'>est</span> <span class='ocrx_word' id='word_1_260' title='bbox 576 3236 663 3290; x_wconf 79' lang='lat' dir='ltr'>subet.</span> <span class='ocrx_word' id='word_1_261' title='bbox 684 3235 801 3303; x_wconf 73' lang='lat' dir='ltr'>cithii-pe</span> <span class='ocrx_word' id='word_1_262' title='bbox 820 3233 1035 3304; x_wconf 82' lang='lat' dir='ltr'>(poenitentia),</span> <span class='ocrx_word' id='word_1_263' title='bbox 1051 3233 1134 3302; x_wconf 83' lang='lat' dir='ltr'>juxta</span> <span class='ocrx_word' id='word_1_264' title='bbox 1150 3233 1227 3302; x_wconf 89' lang='lat' dir='ltr'>quod</span> <span class='ocrx_word' id='word_1_265' title='bbox 1247 3234 1365 3286; x_wconf 81' lang='lat' dir='ltr'>occurrit</span> <span class='ocrx_word' id='word_1_266' title='bbox 1376 3233 1448 3284; x_wconf 76' lang='lat' dir='ltr'>form</span> 
     </span>
     <span class='ocr_line' id='line_1_28' title="bbox 290 3311 1448 3390; baseline -0.005 -18"><span class='ocrx_word' id='word_1_267' title='bbox 290 3319 429 3372; x_wconf 74' lang='lat' dir='ltr'>nithreci:</span> <span class='ocrx_word' id='word_1_268' title='bbox 453 3323 483 3371; x_wconf 78' lang='lat' dir='ltr'>ni</span> <span class='ocrx_word' id='word_1_269' title='bbox 501 3319 606 3373; x_wconf 62' lang='lat' dir='ltr'>adreel</span> <span class='ocrx_word' id='word_1_270' title='bbox 626 3321 699 3374; x_wconf 84' lang='lat' dir='ltr'>limm</span> <span class='ocrx_word' id='word_1_271' title='bbox 713 3322 779 3390; x_wconf 90' lang='lat' dir='ltr'>(non</span> <span class='ocrx_word' id='word_1_272' title='bbox 791 3320 913 3390; x_wconf 87' lang='lat' dir='ltr'>poenitet</span> <span class='ocrx_word' id='word_1_273' title='bbox 925 3319 977 3388; x_wconf 88' lang='lat' dir='ltr'>me)</span> <span class='ocrx_word' id='word_1_274' title='bbox 992 3317 1056 3370; x_wconf 85' lang='lat' dir='ltr'>Wb.</span> <span class='ocrx_word' id='word_1_275' title='bbox 1071 3317 1110 3382; x_wconf 64' lang='lat'>9¹⁸,</span> <span class='ocrx_word' id='word_1_276' title='bbox 1123 3317 1347 3372; x_wconf 71' lang='lat' dir='ltr'>dmnaitlirrooer</span> <span class='ocrx_word' id='word_1_277' title='bbox 1366 3317 1409 3386; x_wconf 82' lang='grc'><strong>(31.</strong></span> <span class='ocrx_word' id='word_1_278' title='bbox 1420 3311 1448 3366; x_wconf 86' lang='lat' dir='ltr'>sd</span> 
     </span>
     <span class='ocr_line' id='line_1_29' title="bbox 291 3401 1447 3474; baseline -0.001 -18"><span class='ocrx_word' id='word_1_279' title='bbox 291 3403 507 3457; x_wconf 87' lang='lat' dir='ltr'>emendationem</span> <span class='ocrx_word' id='word_1_280' title='bbox 519 3421 618 3470; x_wconf 68' lang='lat' dir='ltr'>meam</span> <span class='ocrx_word' id='word_1_281' title='bbox 635 3407 669 3458; x_wconf 86' lang='lat' dir='ltr'>cf.</span> <span class='ocrx_word' id='word_1_282' title='bbox 678 3404 782 3459; x_wconf 74' lang='lat' dir='ltr'>dir-iaci</span> <span class='ocrx_word' id='word_1_283' title='bbox 795 3411 822 3458; x_wconf 83' lang='lat' dir='ltr'>ct</span> <span class='ocrx_word' id='word_1_284' title='bbox 834 3404 908 3474; x_wconf 73' lang='lat' dir='ltr'>dirps</span> <span class='ocrx_word' id='word_1_285' title='bbox 921 3421 947 3473; x_wconf 90' lang='lat' dir='ltr'>p.</span> <span class='ocrx_word' id='word_1_286' title='bbox 958 3403 1018 3472; x_wconf 76' lang='grc'><strong>8311)</strong></span> <span class='ocrx_word' id='word_1_287' title='bbox 1028 3403 1079 3456; x_wconf 89' lang='grc'><strong>1111.</strong></span> <span class='ocrx_word' id='word_1_288' title='bbox 1091 3403 1146 3466; x_wconf 76' lang='grc'><strong>121,</strong></span> <span class='ocrx_word' id='word_1_289' title='bbox 1157 3401 1241 3455; x_wconf 85' lang='lat' dir='ltr'>ctiam</span> <span class='ocrx_word' id='word_1_290' title='bbox 1254 3403 1379 3474; x_wconf 76' lang='lat' dir='ltr'>adjectivi</span> <span class='ocrx_word' id='word_1_291' title='bbox 1389 3401 1447 3455; x_wconf 79' lang='lat' dir='ltr'>loro.</span> 
     </span>
     <span class='ocr_line' id='line_1_30' title="bbox 291 3485 1447 3558; baseline -0.007 -15"><span class='ocrx_word' id='word_1_292' title='bbox 291 3497 323 3543; x_wconf 87' lang='lat' dir='ltr'>ut</span> <span class='ocrx_word' id='word_1_293' title='bbox 335 3489 456 3542; x_wconf 81' lang='lat' dir='ltr'>videtur:</span> <span class='ocrx_word' id='word_1_294' title='bbox 474 3489 557 3558; x_wconf 67' lang='lat' dir='ltr'>alpad</span> <span class='ocrx_word' id='word_1_295' title='bbox 567 3491 692 3543; x_wconf 76' lang='lat' dir='ltr'>naidrecls</span> <span class='ocrx_word' id='word_1_296' title='bbox 705 3489 915 3558; x_wconf 77' lang='lat' dir='ltr'>andurairnport</span> <span class='ocrx_word' id='word_1_297' title='bbox 927 3488 975 3557; x_wconf 82' lang='lat' dir='ltr'>(gl.</span> <span class='ocrx_word' id='word_1_298' title='bbox 990 3488 1047 3542; x_wconf 84' lang='lat' dir='ltr'>sine</span> <span class='ocrx_word' id='word_1_299' title='bbox 1060 3487 1230 3557; x_wconf 79' lang='lat' dir='ltr'>poenitentia</span> <span class='ocrx_word' id='word_1_300' title='bbox 1243 3487 1316 3541; x_wconf 88' lang='lat' dir='ltr'>dona</span> <span class='ocrx_word' id='word_1_301' title='bbox 1327 3487 1380 3556; x_wconf 83' lang='lat' dir='ltr'>dei)</span> <span class='ocrx_word' id='word_1_302' title='bbox 1394 3485 1447 3536; x_wconf 80' lang='lat' dir='ltr'>Wb.</span> 
     </span>
     <span class='ocr_line' id='line_1_31' title="bbox 291 3571 1448 3644; baseline -0.005 -18"><span class='ocrx_word' id='word_1_303' title='bbox 291 3579 328 3628; x_wconf 73' lang='lat'>50.</span> <span class='ocrx_word' id='word_1_304' title='bbox 342 3575 487 3638; x_wconf 79' lang='lat' dir='ltr'>mrdesercc,</span> <span class='ocrx_word' id='word_1_305' title='bbox 501 3575 677 3635; x_wconf 56' lang='lat' dir='ltr'>‹an-deseram</span> <span class='ocrx_word' id='word_1_306' title='bbox 699 3576 785 3630; x_wconf 86' lang='lat' dir='ltr'>subst.</span> <span class='ocrx_word' id='word_1_307' title='bbox 800 3577 888 3628; x_wconf 79' lang='lat' dir='ltr'>desere</span> <span class='ocrx_word' id='word_1_308' title='bbox 906 3581 934 3627; x_wconf 81' lang='lat' dir='ltr'>et</span> <span class='ocrx_word' id='word_1_309' title='bbox 949 3592 1007 3626; x_wconf 80' lang='lat' dir='ltr'>sero</span> <span class='ocrx_word' id='word_1_310' title='bbox 1025 3573 1100 3636; x_wconf 74' lang='lat' dir='ltr'>lem..</span> <span class='ocrx_word' id='word_1_311' title='bbox 1115 3589 1199 3638; x_wconf 83' lang='lat' dir='ltr'>amor,</span> <span class='ocrx_word' id='word_1_312' title='bbox 1215 3573 1343 3644; x_wconf 63' lang='lat' dir='ltr'>nequens</span> <span class='ocrx_word' id='word_1_313' title='bbox 1354 3573 1382 3626; x_wconf 84' lang='lat' dir='ltr'>in</span> <span class='ocrx_word' id='word_1_314' title='bbox 1394 3571 1448 3624; x_wconf 76' lang='lat' dir='ltr'>Wb.</span> 
     </span>
     <span class='ocr_line' id='line_1_32' title="bbox 290 3658 1184 3729; baseline -0.004 -16"><span class='ocrx_word' id='word_1_315' title='bbox 290 3659 438 3722; x_wconf 75' lang='lat' dir='ltr'>iratiordi,</span> <span class='ocrx_word' id='word_1_316' title='bbox 453 3659 550 3712; x_wconf 83' lang='lat' dir='ltr'>melius</span> <span class='ocrx_word' id='word_1_317' title='bbox 564 3660 712 3726; x_wconf 78' lang='lat' dir='ltr'>drdtiardi,</span> <span class='ocrx_word' id='word_1_318' title='bbox 728 3662 784 3714; x_wconf 88' lang='lat' dir='ltr'>dat.</span> <span class='ocrx_word' id='word_1_319' title='bbox 798 3661 861 3714; x_wconf 85' lang='lat' dir='ltr'>iem.</span> <span class='ocrx_word' id='word_1_320' title='bbox 876 3659 946 3729; x_wconf 76' lang='lat' dir='ltr'>sing.</span> <span class='ocrx_word' id='word_1_321' title='bbox 961 3659 1016 3728; x_wconf 84' lang='lat' dir='ltr'>adj.</span> <span class='ocrx_word' id='word_1_322' title='bbox 1031 3658 1184 3710; x_wconf 78' lang='lat' dir='ltr'>dra&#39;tiarde.</span> 
     </span>
    </p>

    <p class='ocr_par' dir='ltr' id='par_1_9' title="bbox 289 3741 1451 4496">
     <span class='ocr_line' id='line_1_33' title="bbox 359 3741 1449 3812; baseline -0.001 -17"><span class='ocrx_word' id='word_1_323' title='bbox 359 3747 385 3796; x_wconf 86' lang='lat'>3.</span> <span class='ocrx_word' id='word_1_324' title='bbox 408 3741 469 3796; x_wconf 88' lang='lat' dir='ltr'>“Ne</span> <span class='ocrx_word' id='word_1_325' title='bbox 487 3743 568 3797; x_wconf 84' lang='lat' dir='ltr'>facias</span> <span class='ocrx_word' id='word_1_326' title='bbox 587 3745 734 3798; x_wconf 84' lang='lat' dir='ltr'>vindictam</span> <span class='ocrx_word' id='word_1_327' title='bbox 753 3747 781 3800; x_wconf 90' lang='lat' dir='ltr'>in</span> <span class='ocrx_word' id='word_1_328' title='bbox 801 3745 910 3809; x_wconf 87' lang='lat' dir='ltr'>malum,</span> <span class='ocrx_word' id='word_1_329' title='bbox 925 3761 959 3796; x_wconf 89' lang='lat' dir='ltr'>ne</span> <span class='ocrx_word' id='word_1_330' title='bbox 978 3743 1015 3798; x_wconf 84' lang='lat' dir='ltr'>sit</span> <span class='ocrx_word' id='word_1_331' title='bbox 1030 3743 1132 3796; x_wconf 84' lang='lat' dir='ltr'>malurn</span> <span class='ocrx_word' id='word_1_332' title='bbox 1144 3742 1173 3796; x_wconf 87' lang='lat' dir='ltr'>in</span> <span class='ocrx_word' id='word_1_333' title='bbox 1186 3749 1303 3812; x_wconf 80' lang='lat' dir='ltr'>utraque</span> <span class='ocrx_word' id='word_1_334' title='bbox 1315 3749 1405 3812; x_wconf 58' lang='lat' dir='ltr'>parm</span> <span class='ocrx_word' id='word_1_335' title='bbox 1418 3741 1449 3794; x_wconf 74' lang='lat' dir='ltr'>ise</span> 
     </span>
     <span class='ocr_line' id='line_1_34' title="bbox 290 3825 1448 3902; baseline -0.002 -20"><span class='ocrx_word' id='word_1_336' title='bbox 290 3830 393 3882; x_wconf 88' lang='lat' dir='ltr'>bonurn</span> <span class='ocrx_word' id='word_1_337' title='bbox 411 3827 444 3892; x_wconf 89' lang='lat' dir='ltr'>ei,</span> <span class='ocrx_word' id='word_1_338' title='bbox 460 3835 488 3880; x_wconf 83' lang='lat' dir='ltr'>et</span> <span class='ocrx_word' id='word_1_339' title='bbox 505 3829 557 3882; x_wconf 92' lang='lat' dir='ltr'>erit</span> <span class='ocrx_word' id='word_1_340' title='bbox 574 3829 662 3883; x_wconf 90' lang='lat' dir='ltr'>bonus</span> <span class='ocrx_word' id='word_1_341' title='bbox 680 3830 737 3902; x_wconf 86' lang='lat' dir='ltr'>ipso</span> <span class='ocrx_word' id='word_1_342' title='bbox 755 3825 875 3900; x_wconf 85' lang='lat' dir='ltr'>postea.”</span> <span class='ocrx_word' id='word_1_343' title='bbox 902 3829 987 3892; x_wconf 78' lang='lat' dir='ltr'>Deae,</span> <span class='ocrx_word' id='word_1_344' title='bbox 1008 3829 1131 3897; x_wconf 60' lang='lat' dir='ltr'>clopne&#39;sn</span> <span class='ocrx_word' id='word_1_345' title='bbox 1147 3827 1198 3890; x_wconf 84' lang='lat' dir='ltr'>lac,</span> <span class='ocrx_word' id='word_1_346' title='bbox 1214 3827 1369 3898; x_wconf 73' lang='lat' dir='ltr'>imperativi</span> <span class='ocrx_word' id='word_1_347' title='bbox 1388 3825 1448 3880; x_wconf 68' lang='lat' dir='ltr'>rara</span> 
     </span>
     <span class='ocr_line' id='line_1_35' title="bbox 289 3911 1448 3994; baseline -0.003 -28"><span class='ocrx_word' id='word_1_348' title='bbox 289 3913 385 3978; x_wconf 62' lang='lat' dir='ltr'>derivas,</span> <span class='ocrx_word' id='word_1_349' title='bbox 401 3913 507 3982; x_wconf 73' lang='lat' dir='ltr'>cloquio.</span> <span class='ocrx_word' id='word_1_350' title='bbox 522 3915 638 3980; x_wconf 76' lang='lat' dir='ltr'>conrad,</span> <span class='ocrx_word' id='word_1_351' title='bbox 654 3915 775 3994; x_wconf 73' lang='lat' dir='ltr'>offensio,</span> <span class='ocrx_word' id='word_1_352' title='bbox 791 3913 918 3977; x_wconf 88' lang='lat' dir='ltr'>vindicta,</span> <span class='ocrx_word' id='word_1_353' title='bbox 934 3923 966 3967; x_wconf 86' lang='lat' dir='ltr'>ut</span> <span class='ocrx_word' id='word_1_354' title='bbox 983 3911 1121 3982; x_wconf 81' lang='lat' dir='ltr'>colligitur</span> <span class='ocrx_word' id='word_1_355' title='bbox 1140 3931 1155 3965; x_wconf 86' lang='lat' dir='ltr'>e</span> <span class='ocrx_word' id='word_1_356' title='bbox 1173 3920 1232 3966; x_wconf 82' lang='lat' dir='ltr'>tota</span> <span class='ocrx_word' id='word_1_357' title='bbox 1251 3913 1395 3976; x_wconf 78' lang='lat' dir='ltr'>sententis,</span> <span class='ocrx_word' id='word_1_358' title='bbox 1409 3927 1448 3962; x_wconf 82' lang='lat' dir='ltr'>vor</span> 
     </span>
     <span class='ocr_line' id='line_1_36' title="bbox 290 3997 1451 4070; baseline 0.002 -20"><span class='ocrx_word' id='word_1_359' title='bbox 290 3999 355 4051; x_wconf 87' lang='lat' dir='ltr'>alibi</span> <span class='ocrx_word' id='word_1_360' title='bbox 375 3997 442 4050; x_wconf 91' lang='lat' dir='ltr'>mihi</span> <span class='ocrx_word' id='word_1_361' title='bbox 460 4015 515 4052; x_wconf 90' lang='lat' dir='ltr'>non</span> <span class='ocrx_word' id='word_1_362' title='bbox 535 3999 624 4064; x_wconf 89' lang='lat' dir='ltr'>obvia,</span> <span class='ocrx_word' id='word_1_363' title='bbox 640 4007 794 4054; x_wconf 73' lang='lat' dir='ltr'>constructa</span> <span class='ocrx_word' id='word_1_364' title='bbox 813 4015 874 4052; x_wconf 85' lang='lat' dir='ltr'>curn</span> <span class='ocrx_word' id='word_1_365' title='bbox 892 4015 983 4070; x_wconf 84' lang='lat' dir='ltr'>praep.</span> <span class='ocrx_word' id='word_1_366' title='bbox 995 3998 1052 4066; x_wconf 84' lang='lat' dir='ltr'>sri,</span> <span class='ocrx_word' id='word_1_367' title='bbox 1067 3997 1205 4061; x_wconf 82' lang='lat' dir='ltr'>adversus,</span> <span class='ocrx_word' id='word_1_368' title='bbox 1221 4007 1338 4068; x_wconf 76' lang='lat' dir='ltr'>cognata</span> <span class='ocrx_word' id='word_1_369' title='bbox 1358 4000 1451 4052; x_wconf 78' lang='lat' dir='ltr'>videtur</span> 
     </span>
     <span class='ocr_line' id='line_1_37' title="bbox 289 4081 1449 4154; baseline -0.001 -16"><span class='ocrx_word' id='word_1_370' title='bbox 289 4083 372 4138; x_wconf 86' lang='lat' dir='ltr'>verbo</span> <span class='ocrx_word' id='word_1_371' title='bbox 391 4083 541 4154; x_wconf 85' lang='lat' dir='ltr'>composito</span> <span class='ocrx_word' id='word_1_372' title='bbox 562 4101 623 4136; x_wconf 89' lang='lat' dir='ltr'>cum</span> <span class='ocrx_word' id='word_1_373' title='bbox 640 4084 733 4138; x_wconf 82' lang='lat' dir='ltr'>eadem</span> <span class='ocrx_word' id='word_1_374' title='bbox 746 4101 837 4154; x_wconf 82' lang='lat' dir='ltr'>praep.</span> <span class='ocrx_word' id='word_1_375' title='bbox 845 4083 1069 4153; x_wconf 78' lang='lat' dir='ltr'>srs&#39;scomortotnr</span> <span class='ocrx_word' id='word_1_376' title='bbox 1082 4083 1130 4153; x_wconf 81' lang='grc'><strong>(31.</strong></span> <span class='ocrx_word' id='word_1_377' title='bbox 1146 4082 1328 4154; x_wconf 80' lang='lat' dir='ltr'>offenderunt)</span> <span class='ocrx_word' id='word_1_378' title='bbox 1344 4085 1408 4140; x_wconf 68' lang='grc'><strong>111).</strong></span> <span class='ocrx_word' id='word_1_379' title='bbox 1418 4081 1449 4137; x_wconf 64' lang='lat' dir='ltr'>il.</span> 
     </span>
     <span class='ocr_line' id='line_1_38' title="bbox 290 4167 1450 4240; baseline 0.002 -18"><span class='ocrx_word' id='word_1_380' title='bbox 290 4170 333 4222; x_wconf 90' lang='lat' dir='ltr'>cui</span> <span class='ocrx_word' id='word_1_381' title='bbox 353 4177 442 4224; x_wconf 86' lang='lat' dir='ltr'>tamon</span> <span class='ocrx_word' id='word_1_382' title='bbox 462 4169 556 4224; x_wconf 86' lang='lat' dir='ltr'>subest</span> <span class='ocrx_word' id='word_1_383' title='bbox 572 4169 651 4222; x_wconf 82' lang='lat' dir='ltr'>radix</span> <span class='ocrx_word' id='word_1_384' title='bbox 669 4187 716 4222; x_wconf 81' lang='lat' dir='ltr'>arc</span> <span class='ocrx_word' id='word_1_385' title='bbox 730 4169 767 4239; x_wconf 88' lang='lat' dir='ltr'>(p.</span> <span class='ocrx_word' id='word_1_386' title='bbox 781 4169 854 4238; x_wconf 83' lang='grc'><strong>112),</strong></span> <span class='ocrx_word' id='word_1_387' title='bbox 868 4168 906 4222; x_wconf 82' lang='lat' dir='ltr'>ita</span> <span class='ocrx_word' id='word_1_388' title='bbox 924 4175 955 4222; x_wconf 90' lang='lat' dir='ltr'>ut</span> <span class='ocrx_word' id='word_1_389' title='bbox 973 4167 1185 4238; x_wconf 85' lang='lat' dir='ltr'>exspectandum</span> <span class='ocrx_word' id='word_1_390' title='bbox 1202 4169 1239 4222; x_wconf 84' lang='lat' dir='ltr'>sit</span> <span class='ocrx_word' id='word_1_391' title='bbox 1256 4171 1400 4224; x_wconf 66' lang='lat' dir='ltr'>comm-i</span> <span class='ocrx_word' id='word_1_392' title='bbox 1412 4183 1450 4240; x_wconf 79' lang='lat'>1¹⁰</span> 
     </span>
     <span class='ocr_line' id='line_1_39' title="bbox 289 4251 1449 4320; baseline -0.002 -12"><span class='ocrx_word' id='word_1_393' title='bbox 289 4255 406 4308; x_wconf 79' lang='lat' dir='ltr'>cornrud.</span> <span class='ocrx_word' id='word_1_394' title='bbox 427 4256 491 4319; x_wconf 64' lang='lat' dir='ltr'>trica</span> <span class='ocrx_word' id='word_1_395' title='bbox 512 4253 595 4319; x_wconf 79' lang='lat' dir='ltr'>luico,</span> <span class='ocrx_word' id='word_1_396' title='bbox 616 4255 664 4318; x_wconf 85' lang='lat' dir='ltr'>oic,</span> <span class='ocrx_word' id='word_1_397' title='bbox 685 4253 781 4317; x_wconf 84' lang='lat' dir='ltr'>malus,</span> <span class='ocrx_word' id='word_1_398' title='bbox 801 4253 917 4318; x_wconf 66' lang='lat' dir='ltr'>malum</span> <span class='ocrx_word' id='word_1_399' title='bbox 939 4253 1033 4316; x_wconf 69' lang='lat' dir='ltr'>triarii,</span> <span class='ocrx_word' id='word_1_400' title='bbox 1056 4252 1136 4318; x_wconf 71' lang='lat' dir='ltr'>ninid,</span> <span class='ocrx_word' id='word_1_401' title='bbox 1156 4251 1254 4318; x_wconf 85' lang='lat' dir='ltr'>bonus,</span> <span class='ocrx_word' id='word_1_402' title='bbox 1273 4253 1389 4315; x_wconf 85' lang='lat' dir='ltr'>bonurn,</span> <span class='ocrx_word' id='word_1_403' title='bbox 1406 4252 1449 4320; x_wconf 66' lang='lat' dir='ltr'>adj.</span> 
     </span>
     <span class='ocr_line' id='line_1_40' title="bbox 290 4335 1450 4410; baseline -0.004 -17"><span class='ocrx_word' id='word_1_404' title='bbox 290 4347 435 4410; x_wconf 86' lang='lat' dir='ltr'>utrumque</span> <span class='ocrx_word' id='word_1_405' title='bbox 452 4357 533 4392; x_wconf 85' lang='lat' dir='ltr'>seusu</span> <span class='ocrx_word' id='word_1_406' title='bbox 547 4337 718 4400; x_wconf 79' lang='lat' dir='ltr'>substantivi,</span> <span class='ocrx_word' id='word_1_407' title='bbox 733 4355 875 4409; x_wconf 84' lang='lat' dir='ltr'>personam</span> <span class='ocrx_word' id='word_1_408' title='bbox 888 4345 916 4390; x_wconf 86' lang='lat' dir='ltr'>et</span> <span class='ocrx_word' id='word_1_409' title='bbox 927 4355 984 4390; x_wconf 81' lang='lat' dir='ltr'>ram</span> <span class='ocrx_word' id='word_1_410' title='bbox 996 4337 1162 4407; x_wconf 81' lang='lat' dir='ltr'>significans.</span> <span class='ocrx_word' id='word_1_411' title='bbox 1187 4337 1251 4392; x_wconf 84' lang='lat' dir='ltr'>Alia</span> <span class='ocrx_word' id='word_1_412' title='bbox 1263 4337 1397 4394; x_wconf 74' lang='lat' dir='ltr'>formulae</span> <span class='ocrx_word' id='word_1_413' title='bbox 1408 4335 1450 4390; x_wconf 65' lang='lat' dir='ltr'>di</span> 
     </span>
     <span class='ocr_line' id='line_1_41' title="bbox 290 4422 1132 4496; baseline -0.002 -18"><span class='ocrx_word' id='word_1_414' title='bbox 290 4425 373 4478; x_wconf 68' lang='lat' dir='ltr'>linaiis</span> <span class='ocrx_word' id='word_1_415' title='bbox 385 4425 509 4496; x_wconf 80' lang='lat' dir='ltr'>exempla</span> <span class='ocrx_word' id='word_1_416' title='bbox 520 4423 619 4478; x_wconf 83' lang='lat' dir='ltr'>videsis</span> <span class='ocrx_word' id='word_1_417' title='bbox 633 4423 737 4494; x_wconf 85' lang='lat' dir='ltr'>prolata</span> <span class='ocrx_word' id='word_1_418' title='bbox 750 4423 820 4476; x_wconf 83' lang='lat' dir='ltr'>inter</span> <span class='ocrx_word' id='word_1_419' title='bbox 832 4424 993 4494; x_wconf 87' lang='lat' dir='ltr'>pronomina</span> <span class='ocrx_word' id='word_1_420' title='bbox 1006 4422 1045 4493; x_wconf 92' lang='lat' dir='ltr'>(p.</span> <span class='ocrx_word' id='word_1_421' title='bbox 1058 4423 1132 4494; x_wconf 81' lang='grc'><strong>311).</strong></span> 
     </span>
    </p>
   </div>
   <div class='ocr_carea' id='block_1_6' title="bbox 0 0 1508 5066">
    <p class='ocr_par' dir='ltr' id='par_1_10' title="bbox 0 0 1508 5066">
     <span class='ocr_line' id='line_1_42' title="bbox 0 0 1508 5066; baseline 0 0"><span class='ocrx_word' id='word_1_422' title='bbox 0 0 1508 5066; x_wconf 95' lang='lat' dir='ltr'> </span> 
     </span>
    </p>
   </div>
  </div>
 </body>
</html>
