3082 5070
536 1343 831 1428 ADDENDA.

602 1573 653 1635 Ad
676 1573 705 1635 Ι.
734 1578 762 1632 1.

183 1776 262 1857 Pag.
285 1781 335 1848 13,
354 1773 411 1835 lin.
432 1779 461 1833 5.
495 1771 523 1835 E
545 1770 744 1856 primitivae
765 1779 993 1852 transgressam
1015 1771 1060 1848 oi,
1079 1793 1160 1854 quae
1175 1772 1267 1835 alter·

91 1893 151 1944 nat
174 1902 248 1944 cum
270 1879 303 1942 oi
316 1883 370 1962 (p.¹
383 1882 428 1960 8),
446 1877 586 1941 ostendit
607 1878 708 1940 subst.
724 1875 883 1962 sairppoe,
893 1873 1049 1960 foirppoe
1063 1878 1121 1961 (gl.
1140 1877 1267 1955 Thetis)

92 1985 152 2069 Sg.
175 1989 364 2048 112¹.124·.
405 1983 494 2048 Huic
517 2004 635 2046 nomen
660 1975 873 2066 Οὖεργίουιος
895 1973 1040 2059 ὠκεανὸς
1062 1985 1192 2048 obvium
1212 2007 1264 2068 ap.

91 2091 182 2155 Ptol.
200 2091 288 2180 haud
310 2091 407 2154 dubie
429 2089 657 2154 conferendum
672 2099 731 2166 est,
749 2099 786 2152 ut
801 2087 965 2171 adjectivis
977 2089 1063 2172 pair,
1078 2091 1266 2176 peama-

33 2205 42 2218 ⁰
89 2198 138 2261 rit
153 2201 212 2278 (==
219 2197 363 2282 paranti,
377 2218 444 2260 non
456 2195 548 2259 aliter
559 2217 646 2258 nom.
660 2217 709 2278 pr.
724 2195 798 2258 fem.
813 2193 963 2279 brspit==
975 2195 1125 2280 enpanti,
1140 2220 1172 2282 p.
1191 2201 1266 2280 770)

89 2303 227 2367 nomina
241 2313 366 2366 vetusta
382 2303 547 2378 Germani,
567 2301 753 2376 Gerontius,
771 2310 803 2363 et
818 2300 950 2364 fortasse
965 2303 1166 2367 substantivo
1182 2303 1265 2366 cair-

85 2433 151 2493 pcn
169 2408 290 2492 (panis)
305 2407 437 2472 nomina
452 2407 601 2490 Bergion,
622 2411 826 2490 Bergomum.

181 2516 218 2577 P.
242 2521 290 2590 14,
307 2515 330 2576 l.
351 2520 381 2576 2.
415 2513 566 2577 Srenm'm
588 2523 637 2576 est
658 2513 691 2574 in
715 2511 833 2587 codice,
852 2512 906 2574 sed
922 2523 1132 2595 cumpuncta
1148 2512 1265 2576 infraa

87 2622 240 2704 priorem,
260 2621 397 2696 delente,
416 2629 454 2682 ut
469 2619 604 2694 videtur,
623 2628 660 2682 ut
675 2617 717 2682 sit
732 2617 903 2702 legendum
918 2617 1048 2684 menam.

181 2727 220 2788 P.
241 2731 292 2800 29,
311 2725 333 2786 l.
353 2731 404 2786 24.
437 2725 534 2788 Verbi
557 2723 688 2788 danaim
709 2723 863 2808 simplicis
883 2724 984 2786 subsc.
1008 2723 1134 2786 verbale
1156 2725 1268 2788 danod

87 2831 211 2914 legitur
240 2829 274 2892 in
304 2827 431 2892 Deirdri
459 2832 509 2893 ed.
536 2829 669 2892 O'Flan.
693 2851 726 2914 p.
748 2835 805 2891 84:
837 2851 911 2892 aces
930 2827 1032 2912 sucir
1061 2828 1163 2893 dde'rci
1189 2851 1264 2892 acac

77 2937 267 3022 fuinaedpa
289 2936 465 3019 ncbrciqae
485 2935 717 2999 icraaaddnad
730 2937 776 3018 (et
794 2934 920 2998 invenit
939 2945 1045 3019 portas
1063 2945 1096 2998 et
1110 2935 1264 2999 fenestras

88 3041 247 3106 domicilii
261 3053 334 3125 post
348 3063 458 3105 earum
472 3040 679 3118 clausionem,
697 3040 719 3103 i.
738 3063 767 3104 e.
785 3041 934 3122 clausas).

179 3149 218 3210 P.
238 3153 290 3223 32,
307 3157 380 3230 post
395 3147 417 3210 l.
440 3153 489 3210 18.
522 3148 625 3210 Voces
646 3145 894 3229 monosyllabae,
912 3145 1100 3231 pronomina
1120 3157 1152 3210 et
1166 3145 1272 3230 parti·

86 3254 182 3318 culae
198 3253 360 3316 vocalibus
376 3251 562 3337 praesertim
576 3251 698 3328 finitae,
717 3251 832 3334 quibus
848 3251 998 3315 convenit
1011 3251 1115 3316 brevis
1130 3252 1259 3330 vocalis,

87 3358 218 3444 saepius
234 3381 308 3422 cum
323 3359 415 3443 signo
429 3356 647 3441 productionis
664 3356 799 3440 scriptae
814 3355 1025 3422 inveniuntur
1039 3357 1073 3420 iu
1087 3357 1259 3435 codicibus,

85 3489 116 3529 a.
136 3485 185 3548 gr.
208 3485 385 3548 pronomen
405 3463 620 3547 possessivum
643 3471 672 3526 3.
690 3485 772 3547 pers.
797 3464 880 3549 sing.
906 3464 1040 3548 djuxta
1062 3486 1082 3527 a
1105 3467 1151 3549 (p.
1172 3469 1260 3547 344),

85 3570 267 3656 particulae
287 3569 454 3654 negativae
474 3571 526 3646 πί,
549 3572 592 3633 ad
613 3590 688 3632 cum
710 3570 892 3654 compositis
913 3570 979 3633 suis
1001 3573 1102 3648 arad,
1125 3571 1260 3648 amal,

86 3699 172 3762 quae
193 3688 271 3740 sunt
293 3675 448 3740 cambriae
470 3675 600 3738 nonnisi
614 3697 669 3760 ap,
687 3699 741 3752 na,
759 3676 934 3760 privativae
950 3679 1019 3753 md,
1037 3677 1085 3740 dt'-
1102 3678 1262 3760 (exempla

86 3783 207 3846 videsis
229 3782 313 3846 inter
333 3782 531 3866 particulas),
548 3781 706 3865 particula
728 3781 888 3846 intensiva
910 3783 961 3846 vel
982 3782 1118 3846 verbalis
1137 3787 1190 3846 rd:
1212 3787 1261 3844 rd-

85 3891 161 3952 mdr
177 3889 253 3951 Wb.
275 3893 334 3952 11⁰.
353 3887 545 3953 rdsdrs'oheel
559 3891 825 3971 (contemserunt)
842 3889 917 3952 Wb.
935 3885 977 3951 1⁶.
1007 3889 1090 3951 Item
1105 3889 1262 3970 particulo

87 3993 320 4078 interrogativa
332 3995 398 4079 fc':
419 3993 561 4057 immace.
570 3993 618 4078 fd
629 3995 715 4079 sem.
735 3994 790 4077 sg.
811 3999 876 4070 61¹,
893 4015 974 4077 quae
995 3993 1073 4057 alias
1094 3993 1196 4078 estse
1212 3996 1258 4078 (p.

88 4107 180 4182 710),
199 4100 382 4184 conjunctio
401 4102 452 4163 tra'
468 4101 522 4163 Cr.
543 4097 586 4176 3¹³,
605 4121 685 4182 quae
700 4099 778 4162 alias
794 4111 842 4162 est
858 4109 919 4164 tra.
952 4099 1003 4162 Ita
1018 4099 1114 4162 etiam
1130 4121 1260 4183 praepo—

85 4207 232 4283 sitiones,
251 4229 279 4270 e.
294 4227 342 4289 gr·
360 4207 405 4282 di,
424 4206 474 4282 de',
488 4205 672 4290 praesertim
688 4205 722 4268 in
738 4204 977 4288 compositione,
993 4209 1027 4266 eo'
1042 4203 1075 4266 in
1091 4207 1125 4266 ed
1140 4206 1262 4268 caneda
1343 4190 1344 4193 Ἴ

86 4313 151 4376 Ml.
168 4317 231 4388 31⁶,
249 4312 302 4376 cui
317 4312 371 4374 vix
387 4333 445 4375 eoa
461 4333 638 4396 supponere
654 4310 739 4391 licet,
758 4333 832 4374 cum
846 4312 972 4394 legatur
987 4309 1022 4372 in
1038 4309 1157 4393 hymno
1172 4309 1206 4374 in
1224 4311 1258 4374 S.

88 4417 268 4482 Patricium
289 4419 321 4482 in
344 4418 418 4482 dist.
444 4423 501 4480 28:
527 4417 662 4482 cochomo
683 4415 815 4481 bliodac
836 4419 951 4500 (nsque
972 4417 1012 4480 ad
1035 4417 1133 4480 finem
1155 4416 1258 4500 anni).
