2994 5052
299 337 357 400 IV.
378 343 408 398 3.
440 353 707 398 couruucrrosas
722 349 960 396 narranurcaa.
1150 327 1212 388 695

71 505 99 566 ia
116 502 238 566 vetustis
252 503 365 566 finium
380 501 655 586 descriptionibus,
674 524 702 566 e.
719 523 768 586 gr.
785 501 821 564 in
835 499 915 564 libro
931 498 1094 562 Landou:
1119 495 1211 558 mali-

71 611 122 672 duc
134 609 166 688 (i.
183 631 208 672 e.
225 609 295 672 mal
312 609 326 671 ι’
346 609 418 684 duc,
435 618 473 670 ut
487 607 587 685 ducit,
604 607 734 685 fluvius,
751 608 839 670 lacus
856 617 930 681 etc,
948 603 970 666 i.
989 625 1018 666 e.
1037 603 1212 666 secundum

70 713 186 798 flurium
199 716 276 795 etc.)
290 715 335 796 sq.
359 737 397 778 oc
417 714 475 778 ool
491 737 513 798 y
532 733 603 776 mae
624 711 760 798 mynycl
776 716 822 794 (et
843 721 881 774 ut
895 712 933 774 fit
947 711 1054 790 saepe)
1071 708 1159 770 Mab.
1181 714 1209 782 1,

71 824 131 880 235.
160 820 304 882 Formula
324 841 362 882 ac
382 819 442 882 ool
459 839 575 882 novam
594 817 807 882 narrationem
830 815 1004 899 incipiens,
1029 811 1213 895 significans

69 923 116 987 lat.
127 945 202 1001 carm,
216 947 286 988 cum
302 933 418 1002 aarum,
432 923 558 1007 saepius
574 923 667 988 obvia
680 923 716 988 in
727 922 834 986 Mab.:
853 944 892 986 oc
906 921 965 984 acl
972 920 1019 1006 yd
1028 919 1087 980 oed
1096 915 1211 980 walch-

69 1028 121 1092 mci
136 1029 328 1094 diwcmawt.
354 1077 390 1093 ..
414 1029 532 1114 θάνῃσι
552 1051 649 1092 carue
672 1031 759 1110 (cum
780 1037 863 1090 esset
887 1027 939 1088 W.
964 1023 1152 1106 aliquando,
1174 1070 1181 1084 .
1203 1070 1209 1084 .

69 1133 157 1216 vidit).
178 1157 216 1196 ac
234 1136 294 1198 acl
310 1137 357 1220 yd
372 1136 431 1198 oed
444 1133 542 1198 arcein
557 1133 748 1198 diwarnowt
759 1155 802 1218 yn
818 1133 921 1216 troya
940 1179 947 1192 .
969 1178 976 1192 .
997 1177 1004 1191 .
1022 1127 1150 1212 narbas
1159 1149 1211 1189 uo-

68 1261 142 1323 nrya
155 1263 196 1322 pa
211 1241 308 1325 dyuot
322 1244 410 1324 (cum
425 1249 532 1304 autem
547 1249 630 1302 esset
644 1239 685 1302 O.
703 1237 874 1322 aliquando
889 1257 1037 1310 coenans,
1055 1282 1062 1296 .
1080 1282 1086 1296 .
1104 1233 1212 1316 puella

68 1345 153 1426 venit)
169 1352 196 1422 1,
215 1349 265 1408 21.
286 1349 337 1408 26.
370 1345 476 1426 Magis
497 1345 602 1408 differt
624 1367 642 1408 a
664 1344 758 1408 solita
779 1340 1028 1426 significatione:
1055 1361 1093 1402 ac
1111 1339 1179 1401 mal
1190 1360 1211 1421 y

68 1449 183 1512 crettcolt
198 1451 270 1514 dcet
283 1473 328 1514 aa
343 1471 382 1512 ar
396 1451 535 1536 opndwy
549 1450 683 1535 ysqud
697 1449 797 1534 iymo
812 1445 982 1512 olcnowcl
995 1448 1041 1528 (et
1055 1455 1093 1506 ut
1105 1445 1211 1506 creda-

68 1553 110 1630 tis,
118 1555 217 1618 veniat
227 1577 313 1618 unus
325 1555 360 1618 in
371 1556 520 1618 humeros
531 1577 618 1618 meos
630 1555 694 1618 huc
705 1576 722 1618 e
734 1555 823 1618 vobis
830 1579 840 1630 ;
854 1570 1208 1626 =em01.maz,c0m.

66 1663 138 1750 moy)
150 1661 235 1724 Mab.
251 1664 282 1736 2,
299 1664 372 1722 234.
401 1661 522 1724 Contra
535 1660 571 1724 in
586 1659 852 1744 significationem
867 1655 1100 1742 conjunctionis
1115 1654 1213 1737 hujus

66 1765 277 1848 comparativae
299 1772 413 1828 transit
433 1787 530 1850 supra
551 1767 636 1830 dicta
657 1787 783 1851 mappa:
814 1764 841 1830 a·
861 1763 961 1847 awcly
981 1769 1086 1846 patrat
1106 1780 1212 1844 meqyr

65 1869 205 1954 dpffryan
220 1892 323 1934 maror
338 1871 473 1952 (videbis
488 1871 654 1953 planitiem
670 1878 707 1934 ut
720 1891 870 1954 magnam
884 1869 1013 1950 vallem)
1028 1865 1115 1930 Mab.
1134 1873 1163 1940 1,
1180 1872 1209 1925 7.

126 1975 265 2068 Ι(Ῑοιιιίοιι
279 1976 411 2052 AVEL,
428 1977 595 2040 AVELL:
620 1977 692 2040 avcl
709 1978 753 2040 du
773 1999 794 2060 y
806 1974 940 2060 setlytl
957 1972 1048 2058 puris
1065 1973 1117 2054 (ut
1134 1972 1212 2034 deus

63 2079 122 2161 fies)
137 2082 223 2144 Pasa.
244 2087 275 2157 6,
294 2087 326 2144 4.
347 2081 419 2144 arel
431 2081 585 2146 brothton
600 2103 662 2166 aya
677 2083 754 2148 dens
768 2105 789 2167 y
805 2105 826 2144 a
841 2080 1002 2163 rhukany
1019 2080 1070 2160 (ut
1084 2075 1215 2140 molossi

63 2205 125 2246 suos
143 2186 252 2250 dentes
274 2187 455 2267 nudabant)
472 2192 524 2264 96,
543 2194 574 2250 4.
603 2187 645 2271 qf
658 2210 679 2252 a
700 2187 812 2272 helyas
833 2185 918 2250 alell
938 2183 1023 2248 aoell
1040 2205 1084 2248 on
1105 2179 1213 2246 monet

63 2293 188 2368 (secutus
203 2301 252 2354 est
266 2312 287 2354 a
300 2291 477 2374 longinquo
491 2303 529 2356 ut
544 2291 689 2374 timidus)
708 2301 759 2370 77,
779 2298 809 2356 2.

133 2395 294 2458 Armorice
316 2396 451 2460 EUEL:
482 2397 555 2460 boat
571 2419 638 2480 pen
663 2398 734 2483 ysel
753 2397 825 2462 euel
842 2397 913 2462 dall
932 2399 1014 2478 (esse
1035 2394 1137 2477 capite
1161 2395 1214 2458 ‹le-

62 2498 145 2564 miaso
164 2511 200 2564 ut
221 2504 350 2582 coecus)
366 2501 452 2564 Buh.
471 2509 502 2580 4,
521 2508 573 2566 24.
598 2504 670 2566 cael
687 2504 807 2588 onsoll
823 2501 1036 2566 attollerem
1053 2500 1147 2564 collez
1163 2501 1214 2580 (ut

62 2605 165 2668 stultus
186 2605 319 2670 omnino
341 2615 372 2668 te
392 2607 517 2690 perdes)
536 2613 586 2686 72,
606 2614 636 2670 2.
669 2607 831 2692 Frequens
852 2617 900 2671 est
913 2606 1064 2688 loquendi
1079 2605 1214 2669 formula

62 2711 200 2789 aelim,
214 2713 293 2776 ruat
305 2711 366 2775 hen
382 2715 433 2796 (ut
446 2713 518 2790 hoe,
536 2713 558 2776 i.
573 2735 602 2776 e.
620 2713 676 2790 sic,
694 2715 783 2797 ergo)
798 2721 849 2790 66,
867 2719 916 2774 10.
935 2714 1006 2788 126,
1024 2717 1075 2778 21.
1092 2720 1164 2788 140,
1181 2719 1209 2774 5.

64 2819 124 2892 ιιι,
142 2821 190 2878 18.
212 2823 286 2893 188,
309 2823 358 2880 ιι.

133 2922 221 2984 ΡΑΝ
238 2925 339 3004 (cum,
354 2924 508 3006 quando).
534 2923 778 2988 substantivum
790 2927 883 3006 (uum
897 2923 981 2986 idem
997 2943 1071 2984 oum
1086 2919 1210 2984 hibern.

61 3031 117 3102 tao,
134 3037 259 3110 tempus
266 3027 295 3110 l)
306 3026 322 3058 ¹
344 3027 488 3092 indicant
509 3029 613 3092 adhuc
627 3030 852 3112 praecedentes
867 3027 1040 3092 cambrione
1054 3025 1213 3110 praeposi·

62 3129 149 3196 tiones
163 3156 181 3195 ο
195 3145 228 3196 et
242 3155 265 3216 y
281 3133 339 3212 (=
351 3132 398 3214 dr)
406 3132 538 3215 junctae
549 3155 622 3198 cum
633 3135 766 3198 articulo
779 3138 825 3217 (p.
838 3138 893 3196 621
904 3181 911 3194 .
924 3135 1017 3216 626);
1036 3154 1072 3194 or
1076 3154 1146 3214 pon
1160 3133 1213 3194 do·

62 3233 104 3298 tlto
116 3261 136 3322 y
149 3237 271 3302 hebetur
284 3260 329 3322 yn
343 3239 439 3302 emud
448 3261 508 3324 eay
521 3247 611 3304 terrm
623 3240 713 3304 allon
725 3243 759 3320 (a
770 3250 920 3323 tempore,
935 3261 998 3322 quo
1010 3237 1151 3322 posuerit
1163 3259 1214 3300 ao-

61 3339 190 3422 ripitrem
210 3343 246 3406 in
268 3365 374 3419 cavea,
397 3345 498 3408 donec
520 3345 684 3425 exemerit)
701 3345 778 3428 Leg.
800 3351 829 3406 1.
850 3351 898 3407 10.
922 3351 971 3408 16.
993 3367 1034 3430 yr
1046 3365 1140 3426 pann
1157 3342 1214 3429 yth

60 3445 150 3510 wake
172 3449 301 3534 pyratas
315 3473 335 3512 a
351 3449 454 3533 perere
475 3473 519 3534 yn
538 3449 676 3534 vahaf
688 3471 759 3533 pror
780 3452 834 3531 (eu
856 3471 918 3534 quo
934 3450 999 3514 vidi
1015 3460 1046 3512 te
1061 3449 1211 3532 primum,

60 3551 149 3614 amavi
168 3553 310 3618 maxime
331 3553 496 3636 virorum),
513 3574 554 3638 Ψ
568 3575 641 3634 pan
662 3555 719 3639 yth
734 3553 838 3618 welrr's
849 3555 975 3640 pyratas
983 3553 1030 3616 mi
1043 3554 1098 3617 ath
1110 3554 1213 3636 percis

61 3655 104 3732 (er
121 3677 180 3738 quo
196 3669 228 3720 te
244 3658 310 3720 vidi
325 3659 475 3742 primum,
493 3681 552 3742 ego
567 3659 671 3722 amavi
687 3663 730 3741 te)
747 3661 835 3724 Mab.
857 3666 885 3736 1,
906 3665 978 3722 264.
999 3665 1071 3722 273.
1094 3681 1213 3744 yrpou

57 3758 143 3839 oollae
161 3785 183 3845 y
202 3764 340 3846 pyuoctl
360 3765 419 3850 tyr
438 3764 541 3830 kcdiw
558 3767 612 3845 (ex
633 3786 696 3847 quo
718 3764 825 3828 amisit
839 3787 974 3848 regnum
989 3787 1089 3848 usque
1105 3765 1213 3844 hodie)

61 3861 136 3928 llab.
155 3871 184 3942 2,
205 3873 258 3930 21.
291 3869 413 3934 Eodem
433 3871 528 3934 modo
550 3881 723 3952 usurpatur
743 3871 843 3933 subst.
862 3893 929 3934 awr
945 3870 1066 3952 (hora):
1091 3891 1132 3954 yr
1147 3891 1214 3932 arcr

62 4005 259 4020 Ἣ

119 4076 131 4100 '
147 4077 265 4148 Expono
282 4095 365 4148 supra
377 4085 570 4150 congruentem
583 4079 665 4150 hujus
677 4078 824 4148 particulae
837 4078 1063 4132 constructionem
1076 4095 1137 4131 cum
1150 4095 1213 4130 con-

60 4161 195 4216 structione
213 4163 454 4228 substantivorum,
470 4181 539 4234 quae
558 4171 622 4218 sunt
638 4163 698 4216 loco
718 4163 949 4233 conjunctionum.
976 4161 1004 4216 Si
1016 4169 1106 4214 tamen
1120 4161 1212 4214 eadem

61 4257 104 4295 ror
121 4247 282 4300 eonferenda
300 4253 342 4300 est
359 4265 419 4300 cum
439 4247 629 4317 conjunctione
648 4247 694 4300 lat.
708 4249 821 4316 quondo,
835 4255 867 4301 ut
878 4247 926 4300 lat.
940 4246 1054 4316 quinque
1066 4253 1107 4298 est
1119 4245 1213 4298 eadem

61 4341 86 4378 ae
101 4328 160 4383 brit.
169 4333 256 4402 piam,
273 4331 347 4385 haud
368 4331 449 4384 dubis
464 4332 600 4403 primitiva
611 4333 756 4385 statuenda
767 4339 809 4386 est
819 4331 971 4386 britannica
982 4331 1137 4402 conjunctio
1144 4347 1211 4399 pan,

62 4419 86 4464 et
95 4413 205 4470 lormule
215 4435 248 4470 or
253 4433 313 4486 pan
324 4416 368 4470 rel
378 4435 414 4485 ,ψ’
421 4435 478 4486 poa
490 4417 641 4487 supplenda
652 4417 679 4472 in
692 4435 723 4470 or
734 4418 808 4486 lytra
814 4435 881 4486 pan,
894 4435 930 4486 ψ·
941 4419 1015 4486 lapan
1022 4434 1079 4486 pan
1093 4417 1130 4485 (p.
1141 4416 1212 4486 398).
