3004 5066
275 359 338 422 968
446 376 630 422 srcnnnrx.
663 374 838 420 nicrronas
854 373 1033 418 osannae.
1053 375 1273 446 nrannnrosn.

277 549 333 612 per
350 549 367 590 c
382 527 448 591 sive
462 549 519 611 per
534 527 558 590 k
572 526 762 604 scribantur,
779 525 904 590 nullam
918 523 1041 588 faciunt
1055 545 1113 586 nec
1129 523 1163 586 in
1178 545 1257 587 sono
1271 545 1327 587 nec
1342 523 1375 586 in
1387 545 1433 608 po-

278 637 419 716 testate).
452 633 632 698 Conscia
655 632 782 710 dicit,
809 631 953 696 diabol
965 633 1120 712 (consona
1133 630 1281 715 simplex,
1295 630 1432 715 duplex)

278 738 470 804 orchmwoin
487 738 669 804 dictitasse
685 738 743 822 (31.
759 736 886 822 injuria,
901 737 922 799 i.
939 759 967 800 es
986 758 1043 820 pro
1058 758 1197 800 consona
1209 735 1346 820 simplici
1355 735 1433 812 baec,

274 845 316 929 l),
334 843 533 908 acrotomis
556 844 640 910 dicit
659 846 715 908 old
734 845 747 906 ι’
768 845 836 908 ond
849 842 907 926 (gl.
925 865 944 905 a
958 841 1093 906 flumine
1108 841 1189 906 reice
1203 843 1359 926 capellas3
1375 843 1397 904 i.
1411 864 1434 904 e.

278 972 335 1034 pro
358 971 497 1014 consona
518 949 655 1034 simplici
674 961 723 1014 est
740 949 753 1034 j
771 949 837 1032 hic)
856 946 898 1012 71.
917 947 1027 1013 acciti
1042 947 1213 1012 orchonsin
1228 948 1313 1012 dicit
1328 949 1384 1032 (gl.
1399 948 1437 1012 di·

280 1077 407 1140 gamma
435 1078 493 1140 pro
515 1067 711 1122 consonante
732 1055 881 1139 simplici,
906 1055 1046 1118 ostendit
1067 1054 1242 1136 versibus),
1266 1056 1376 1118 obniti
1394 1077 1438 1118 or-

279 1161 431 1226 chonsoin
455 1161 581 1226 diaboii
593 1162 648 1246 (gl
675 1185 733 1246 pro
755 1162 877 1246 duplici
898 1171 1094 1224 consonante
1115 1160 1277 1243 digamma
1295 1161 1437 1244 positum,

279 1289 337 1332 nos
363 1289 489 1352 quoque
516 1267 661 1331 videmur
686 1268 746 1332 hoc
773 1267 880 1352 sequi,
907 1265 1008 1330 Prisc.
1040 1273 1050 1327 l
1064 1313 1074 1342 ,
1092 1268 1126 1348 4)
1143 1270 1185 1328 8¹.
1225 1267 1437 1350 Letiqule,

279 1373 510 1458 lethyuthiq
521 1373 585 1437 the
600 1375 842 1456 (semivocalis):
858 1372 1026 1456 dromslo
1038 1371 1191 1456 Ielhyutll.
1207 1372 1266 1455 (gl.
1281 1373 1336 1436 hic
1348 1393 1438 1446 ermr;

277 1479 300 1542 i.
318 1501 347 1542 e.
373 1479 563 1542 numerandi
583 1479 698 1544 linter
719 1479 937 1560 semivocales)
960 1483 1002 1542 6⁸.
1041 1477 1257 1542 Leclsdools
1280 1479 1437 1563 (liquida)

278 1569 327 1650 att
350 1584 523 1650 actaeon
544 1585 638 1649 oum
653 1586 712 1670 (gl.
729 1586 884 1670 nqunae)
902 1589 942 1648 e.
968 1584 1314 1650 succlamamus
1331 1586 1388 1669 (gl.
1404 1585 1440 1648 n

277 1713 333 1756 cus
354 1701 517 1754 mutarum
541 1701 590 1754 est
611 1692 770 1756 duntaxat
784 1703 858 1756 ante
873 1693 884 1754 l
900 1692 950 1754 vel
965 1695 993 1774 r)
1011 1695 1054 1754 6⁸.
1086 1693 1131 1754 M
1133 1695 1177 1755 eit
1191 1695 1331 1774 (muta):
1349 1693 1441 1776 sopor

277 1797 527 1882 sododels'qednr
539 1797 686 1882 frv'mula
710 1805 725 1858 7
751 1797 779 1860 is
798 1801 867 1862 mat
885 1797 917 1862 oi
938 1796 1153 1862 arcchuitaidi
1166 1797 1224 1880 (31.
1243 1797 1305 1860 hoc
1321 1798 1442 1861 interest

277 1903 362 1967 inter
383 1903 401 1966 f
417 1913 449 1966 et
470 1902 548 1967 alias
570 1915 695 1979 mutas3
719 1903 741 1965 i.
760 1924 789 1965 c.
806 1903 1027 1987 pronuntiatio
1049 1903 1143 1966 refert
1158 1924 1211 1966 eas
1226 1904 1267 1966 ad
1282 1915 1400 1978 mutas,
1415 1915 1442 1965 et

277 2019 326 2073 est
346 2019 437 2072 muta
457 2009 548 2086 haec,
566 2010 589 2087 f,
606 2009 729 2072 ratione
744 2009 855 2092 hujus)
873 2012 915 2070 6⁸.
939 2008 1027 2071 nibr'o
1044 2009 1198 2074 dimouit
1214 2010 1266 2073 bos
1282 2009 1401 2073 duillio
1413 2008 1441 2071 io

277 2139 333 2180 oen
355 2115 420 2180 sill.
439 2115 498 2199 (31.
516 2116 606 2179 nulla
629 2116 752 2200 syllaba
765 2114 839 2199 plus
854 2113 978 2177 duabus
993 2115 1092 2178 mutis
1107 2127 1213 2200 potest
1227 2115 1348 2180 habore
1358 2117 1444 2200 juxta

277 2244 311 2286 se
325 2221 438 2306 positis
446 2246 456 2297 ;
475 2221 537 2305 leg.
555 2222 609 2284 dib
624 2220 758 2302 tndmib)
776 2224 818 2282 71.
833 2219 894 2304 fri
906 2221 987 2284 molit
1004 2229 1019 2282 7
1037 2221 1183 2306 lecddoiy
1198 2222 1278 2286 inno
1293 2223 1379 2286 diod
1391 2220 1440 2304 (31.

277 2327 312 2392 in
332 2329 397 2391 fine
412 2327 561 2392 dictionis
576 2326 758 2392 invenimus
774 2326 909 2410 primam
925 2326 1090 2410 liquidam,
1109 2339 1298 2411 sequentem
1315 2343 1441 2402 mutam,

276 2443 468 2518 postremam
491 2455 518 2511 s,
535 2444 573 2497 ut
595 2434 682 2510 urbe,
705 2433 812 2517 stirps,
838 2431 939 2496 Prisc.
961 2440 989 2509 1,
1012 2436 1064 2517 10)
1082 2430 1146 2496 201.
1183 2434 1354 2519 Tinsed‚
1380 2433 1443 2498 tia·

267 2539 368 2626 feld
384 2538 605 2624 (aspiratio):*
625 2538 779 2621 atinplaed
793 2538 851 2621 (gl.
870 2538 1014 2622 spiritus)
1032 2545 1074 2602 6¹.
1102 2541 1257 2625 teomorilq
1280 2543 1323 2605 do
1342 2539 1444 2626 putori

277 2645 396 2710 anisio.
414 2644 511 2708 isoiri
528 2644 703 2730 isrctputh.
720 2643 988 2730 ouidiyzotinsed
1005 2646 1192 2732 doscmiyud
1209 2655 1224 2708 7
1242 2669 1365 2711 mesra.
1383 2647 1444 2708 iud·

268 2742 345 2837 soq.
363 2751 448 2814 mair
470 2751 517 2815 bis
539 2751 688 2836 isinputts'
702 2752 760 2836 (gl.
778 2751 940 2814 vocalibus
963 2753 1109 2816 accidens
1132 2775 1201 2816 esse
1222 2753 1354 2816 videtin
1371 2752 1445 2835 aspi·

277 2858 357 2922 ratio
372 2857 563 2941 anteposita,
581 2857 681 2921 Prisc.
703 2865 734 2934 1,
750 2865 787 2932 5;
805 2858 828 2920 i.
842 2881 871 2920 e.
889 2857 1005 2921 accidit
1020 2859 1180 2924 vocalibus
1196 2858 1269 2936 hoc,
1287 2859 1364 2924 ideo
1379 2869 1445 2922 ante

193 2965 199 2980 '
278 2964 419 3028 vocalem
439 2963 570 3047 ponitur
590 2963 752 3046 aspiratio,
777 2965 816 3027 ad
838 2965 1072 3028 attenuandum
1093 2977 1125 3028 et
1147 2966 1384 3029 moderandum
1402 2987 1443 3026 so

277 3091 357 3132 num
379 3070 522 3154 amplum
544 3069 600 3153 qui
622 3081 670 3134 est
691 3069 726 3133 in
747 3069 863 3152 vocali)
880 3075 922 3132 9⁸.
949 3070 1121 3156 treds'qooil
1141 3071 1260 3155 tiofetls
1277 3071 1445 3150 (ablatione

277 3174 505 3258 aspirationis),
520 3175 719 3260 iamdsybait
728 3175 839 3262 iulias.
859 3179 945 3260 (post
956 3177 1149 3240 ablationem
1164 3181 1252 3260 asp.)
1265 3183 1309 3240 9¹.
1330 3175 1448 3262 tinseeti

278 3281 335 3365 (gl.
355 3281 500 3364 flatilem)
519 3278 581 3344 171.
591 3281 763 3366 stists'nfet
778 3283 835 3366 (31.
854 3283 1191 3372 6331111111,ιί1111111008)
1208 3284 1270 3346 Ml.
1290 3283 1357 3348 281.

365 3388 411 3450 Si
417 3389 431 3452 l
438 3388 502 3450 lah
518 3387 685 3471 (syllaba):
704 3387 855 3452 inmittat
872 3388 956 3453 ds‘ut't
968 3391 1036 3452 nod
1045 3389 1280 3474 sluinds'folod
1291 3391 1351 3474 (31.
1365 3391 1445 3454 vides

276 3493 379 3576 ipsam
395 3493 560 3576 syllabam,
579 3493 692 3575 solam)
710 3496 773 3556 26⁸.
795 3492 933 3558 aalaidis
947 3494 1090 3579 mudsra'
1102 3494 1219 3558 silloba
1233 3497 1304 3559 mid
1318 3495 1448 3560 tetrade

268 3590 373 3685 solod
396 3621 429 3662 .1.
455 3599 516 3663 issi
535 3599 677 3663 insiliat
700 3599 784 3663 ds'uit
801 3599 867 3663 sill.
886 3601 981 3685 ellos)
997 3601 1089 3664 raino
1106 3609 1121 3662 7
1138 3601 1208 3665 nod
1220 3601 1448 3686 s‘lur'ndisolod

278 3705 336 3789 (gl.
347 3706 582 3790 monosyllabae
594 3704 748 3770 dictiones
759 3717 894 3789 possunt
904 3707 1135 3788 quodammodo
1146 3727 1214 3770 esse
1223 3707 1376 3790 syllabae,
1386 3729 1446 3770 non

278 3827 386 3876 tamen
401 3811 555 3894 sincerae)
569 3811 634 3875 25¹³.
654 3810 731 3876 inno
747 3811 832 3874 odini
840 3811 964 3876 sillabas
976 3812 1035 3895 (31.
1050 3823 1212 3876 acuuntur
1224 3812 1260 3874 in
1270 3813 1444 3898 principio;

277 3917 299 3980 i.
318 3939 347 3981 e.
370 3917 491 4002 primae
511 3917 663 4002 syllabae,
685 3917 787 4000 plur.)
804 3913 890 3981 2121.
929 3919 963 3980 U
966 3918 1014 3994 lt,
1033 3917 1210 4000 penculi
1229 3916 1376 3999 (ultima,
1398 3937 1447 4000 pe·

277 4023 416 4088 nultima
438 4023 590 4108 syllaba):
617 4023 707 4088 intas
728 4025 797 4086 mid
810 4021 875 4086 mhi
888 4045 1002 4087 cosmon
1017 4031 1082 4088 oter
1093 4021 1237 4106 peneum
1254 4031 1270 4084 7
1287 4023 1350 4087 utu
1364 4025 1448 4105 (cmo

276 4151 343 4194 non
358 4141 407 4194 est
422 4151 562 4194 consona
576 4129 660 4194 inter
675 4129 886 4213 pemdtimam
902 4129 1110 4210 etultimam)
1127 4123 1191 4190 541.

346 4299 360 4326 1
378 4297 503 4370 Compos.
517 4297 658 4367 ‹lo-injeci.
684 4297 726 4351 Oi.
740 4297 805 4352 Wb.
821 4297 882 4351 ill:
902 4298 966 4370 bore
978 4297 1148 4368 doninscdom
1162 4304 1271 4368 olorone
1280 4313 1318 4350 er.
1332 4295 1446 4350 docueri

280 4383 329 4453 (31.
351 4382 451 4437 Christi
474 4383 563 4436 bonus
580 4377 654 4436 ‘odor
672 4399 781 4447 sumum
803 4381 821 4436 i.
840 4399 864 4437 a.
886 4383 951 4453 quia
967 4383 1129 4454 inspiramur
1148 4383 1328 4454 cognitionem
1349 4379 1446 4436 Christi

278 4468 386 4540 enirn).
