3082 5070
267 411 452 488 arraunrx.
487 409 628 456 cuossxn
643 409 832 457 cxuonroxn
847 408 1064 454 oxonienses.
1172 389 1247 450 1901

90 563 218 629 lantker
239 561 453 645 ccridlprinit
462 561 598 626 kinnoid
614 579 694 624 .1111.
713 581 789 623 aues
803 569 836 624 et
853 581 898 622 .u.
917 558 972 642 qui
987 557 1085 622 adicit
1098 557 1204 622 lucam
1218 561 1256 622 m'

90 669 217 734 cloildm
232 667 368 733 dinnoid
381 689 485 731 aruer
500 667 625 732 batua
640 673 758 750 arpent
771 665 840 750 cpit
853 665 952 729 πενίη
968 665 1062 730 illud.
1080 663 1253 748 irpimpltet

90 774 182 840 aterio
204 772 435 859 diquormeeto
458 774 546 837 lucca
561 772 647 856 oepit
660 771 805 848 tuonoid
817 771 852 834 in
867 771 1006 856 pretium
1020 771 1250 834 benedictionis

88 881 160 944 laid
178 881 285 946 doitou
306 879 440 944 houbein
463 888 536 944 atur
551 877 687 942 leadeinn
709 877 827 941 cilum
850 879 891 942 rl.
925 878 1077 942 Mattheus
1095 899 1172 942 uero
1188 879 1250 941 dou

88 986 202 1050 uterino
222 995 298 1050 cant
318 985 463 1050 bunnoid
482 985 519 1048 di
533 1007 608 1049 ceca
626 1007 658 1046 .1.
677 1005 747 1047 acce
763 983 888 1049 diolcon.
906 1007 992 1048 unus
1005 984 1099 1068 scrip.
1117 995 1165 1048 est
1179 1008 1250 1069 par-

87 1092 140 1156 tire
154 1103 185 1155 et
199 1094 285 1156 fiunt
299 1092 364 1154 duo
379 1091 516 1154 demedii
530 1103 562 1154 et
575 1089 715 1174 pretium
729 1091 866 1154 duorum
881 1091 1002 1154 auium.

165 1199 249 1262 Cum
276 1197 393 1261 dicitur
419 1197 454 1260 lx
474 1197 573 1259 librae
599 1196 699 1260 eticae
721 1196 890 1259 tollentum
911 1197 962 1276 bic
984 1197 1106 1280 aliquid
1126 1209 1249 1260 contra·

85 1302 162 1367 rium
183 1305 312 1368 uidetur
334 1302 479 1387 superius
503 1301 589 1365 enim
611 1301 677 1364 dix.
703 1302 873 1366 tollentum
893 1303 999 1386 pondo
1020 1301 1099 1364 lxxx
1121 1301 1180 1366 hoc
1201 1315 1250 1366 est

85 1431 153 1472 unc.
176 1409 306 1473 dcccclx
328 1408 381 1472 hlc
403 1431 478 1472 uero
499 1430 573 1471 curn
594 1407 628 1470 lx
643 1407 738 1472 libras
753 1409 793 1472 ud
809 1408 1068 1492 supplementum
1083 1407 1250 1472 adscribsit

84 1536 143 1578 non
158 1516 287 1580 dcccclx
302 1537 377 1580 unc.
396 1517 451 1578 sed
466 1516 568 1578 dccxx
583 1536 664 1576 unc.
677 1513 847 1576 tallentum
862 1515 1006 1578 continet
1019 1525 1052 1578 et
1063 1514 1133 1578 ideo
1144 1514 1248 1576 maius

82 1621 246 1705 minusque
259 1623 429 1685 tollentum
439 1621 508 1684 fieri
519 1619 706 1683 estimamua
718 1619 826 1681 alibra
836 1620 918 1683 atica
927 1633 959 1683 et
967 1619 1072 1704 grecia
1082 1641 1162 1703 quae
1171 1641 1248 1683 mna

82 1727 262 1790 nominatur
287 1727 386 1791 maior
413 1739 461 1790 cst
481 1719 582 1810 ¹quam
605 1725 685 1788 libra
706 1723 823 1788 latena.
856 1725 936 1788 libra
958 1726 1043 1789 enim
1064 1725 1168 1810 grecia
1190 1747 1248 1787 xur

81 1813 150 1895 unc.
174 1833 270 1896 latini
290 1857 365 1898 uero
383 1855 457 1898 .x11.
490 1833 679 1896 Notandum
694 1855 725 1916 q.
743 1855 817 1896 cum
832 1834 880 1896 dr.
898 1855 1008 1916 gomor
1029 1833 1120 1916 quicc
1136 1831 1246 1894 uncias

80 1937 123 2000 ht.
140 1961 215 2002 xma
238 1962 311 2024 pars
332 1941 385 2004 effi
404 1962 473 2003 esse
488 1959 594 2021 eumq.
612 1939 864 2021 quadrisextium
880 1951 912 2001 et
926 1938 1090 2002 nimmena
1105 1951 1138 2002 et
1152 1937 1246 2001 semis

80 2063 127 2107 xc.
143 2065 191 2108 ur.
210 2045 323 2109 uncias
346 2047 491 2109 efficiunt
513 2045 573 2106 hoc
592 2055 641 2107 est
662 2044 817 2107 decimam
839 2043 891 2108 effi
906 2056 939 2107 et
953 2045 1070 2108 desunt
1088 2065 1167 2107 .1111.
1186 2065 1245 2106 un-

79 2149 140 2212 ciae
161 2151 200 2214 de
221 2151 258 2214 ee'
278 2151 449 2215 nichoildm
468 2153 575 2214 immet
595 2149 644 2214 ccl
664 2150 797 2214 irm'mer
812 2149 926 2214 bielno
939 2159 1041 2236 qutun
1057 2151 1182 2214 irmaur
1197 2149 1245 2212 ηἰ-

77 2256 176 2320 merl.
195 2257 299 2321 maior
313 2269 362 2322 est
375 2281 486 2342 gomor
501 2258 666 2320 ebreorum
682 2279 762 2340 quae
777 2257 826 2320 ht.
845 2280 919 2320 unc.
935 2280 965 2340 q.
985 2257 1093 2322 atlcor.
1109 2279 1244 2340 quorum

77 2360 120 2422 hii
134 2362 273 2426 numeri.

155 2471 242 2550 (23⁸)
265 2468 357 2532 tertia
371 2489 444 2552 pars
458 2469 570 2532 unciae
581 2467 705 2552 pollicis
719 2468 778 2532 teir
787 2469 1054 2551 petprtaredpdrt
1065 2489 1139 2530 unc.
1154 2489 1242 2529 men·

75 2593 143 2636 sura
164 2574 292 2658 pollicis
315 2577 345 2637 ἰν
367 2575 413 2636 ou
436 2573 550 2638 diolcon
575 2597 607 2636 .1.
633 2573 785 2636 cimcibret
806 2573 925 2637 irnatut
946 2573 1043 2636 bittit
1057 2573 1196 2636 Irc'c'tbum
1213 2576 1243 2634 r'r

73 2681 160 2763 cpolin
183 2679 279 2746 litui
299 2683 330 2744 r'r
352 2680 448 2746 hicine
469 2681 713 2764 icz'tpctpuarcd
722 2681 812 2761 perd
821 2677 960 2762 puoisrit
974 2701 1050 2741 nun.
1069 2677 1244 2742 hokinnot'd
1286 2665 1289 2672 ³

70 2796 184 2867 pacton
197 2787 301 2852 cmcib
313 2787 419 2870 palmo
431 2787 566 2870 quadras
577 2808 611 2848 .1.
623 2785 674 2848 doc
687 2794 824 2867 uqut
834 2785 912 2848 irbio
924 2784 996 2849 titi
1003 2783 1117 2868 ecquid
1126 2783 1153 2846 si
1162 2805 1237 2846 unc.

72 2892 190 2974 pollicis
206 2913 256 2956 xx
272 2905 305 2957 et
320 2895 501 2958 demedium
516 2913 591 2954 unc.
610 2892 720 2972 (infra)
735 2891 795 2953 dor
806 2891 870 2954 elio
882 2889 1012 2954 cr’kuttln
1024 2889 1127 2954 hr'torr
1138 2911 1240 2973 usquc

72 2999 230 3061 adortum
246 2999 347 3084 pugni
362 3001 417 3063 bes
433 3009 481 3062 est
497 2997 624 3062 bocholt
638 2995 759 3076 cikr'tmt
775 3019 850 3079 ceap
862 2996 992 3060 r'reocet'r
1004 2996 1097 3059 r'cmoi
1107 2996 1241 3060 ln'ooor'd

73 3125 158 3166 ‚uuir
176 3127 303 3168 unciae.

267 3363 309 3426 V.
343 3359 551 3426 Vocabula
572 3361 613 3424 in
637 3383 803 3445 pensum
826 3359 1033 3444 discipuli.

149 3548 254 3628 (Cod.
280 3549 432 3632 posterior
452 3570 484 3631 p.
504 3552 589 3628 42³).
621 3549 699 3612 sella
720 3557 919 3632 stratoquar.
949 3547 1143 3610 auricalcum
1165 3568 1235 3610 cru-

133 3820 204 3891 (22⁵)
244 3820 310 3891 (23¹)
347 3821 442 3874 Plures
459 3819 512 3872 loci
529 3821 625 3874 barum
642 3820 813 3874 notationum
824 3819 1082 3889 cambricarumjam
1094 3817 1235 3872 memorati

64 3913 127 3958 suot
144 3907 174 3960 in
194 3906 249 3958 hoc
265 3923 354 3977 opere,
369 3905 525 3977 praesertim
540 3905 611 3960 inter
630 3905 786 3970 numeralia,
801 3923 851 3960 nco
869 3923 925 3958 non
942 3904 1016 3968 alibi,
1031 3922 1055 3956 e.
1070 3923 1111 3974 gr.
1129 3903 1233 3972 ducor-

63 3991 159 4046 mato
172 3992 213 4062 (p.
222 3991 294 4061 879),
308 3990 452 4062 irpimpbct
470 3991 563 4056 eterut,
578 3991 689 4046 irnimcr
707 3989 811 4055 diolcon,
826 3991 929 4044 macor
941 3991 1035 4053 omer,
1050 3988 1076 4042 ir
1088 3989 1126 4042 bie
1140 3987 1234 4040 lichen

64 4079 100 4148 (p.
115 4081 189 4151 239),
206 4079 288 4134 bt'lter't
305 4081 421 4134 ladam
437 4080 464 4133 ir
480 4080 568 4151 oquin,
582 4082 632 4134 lior
643 4081 696 4133 elio
708 4080 818 4134 cibutum
830 4080 925 4144 horr,
939 4077 1046 4131 boubot't
1056 4076 1158 4131 citiam
1170 4095 1234 4146 ceap

61 4164 86 4216 ir
96 4165 180 4218 meir
192 4165 231 4235 (p.
242 4166 319 4235 655).
337 4166 403 4220 Loci
415 4166 507 4220 biblici
520 4167 595 4220 allati
607 4175 672 4220 cunt
683 4183 726 4236 ap.
742 4166 842 4218 Matth.
855 4169 894 4228 lb,
905 4169 946 4226 29,
961 4165 1029 4216 Luc.
1042 4167 1082 4227 12,
1093 4167 1117 4216 6.
1138 4164 1233 4216 Cetera

60 4250 163 4306 intacta
182 4251 339 4321 relinquens
359 4251 475 4306 libenter
491 4253 620 4315 concedo,
641 4268 684 4304 me
704 4251 739 4304 ob
756 4250 914 4319 scripturam
932 4249 1065 4302 minutam
1082 4259 1109 4304 et
1126 4249 1235 4318 plenam·

59 4336 199 4390 scribendi
210 4335 377 4407 compendiis
391 4336 437 4406 (cl.
451 4337 548 4408 praef.)
560 4337 652 4408 aliqua
663 4335 744 4390 etiam
757 4335 846 4388 minus
859 4333 928 4388 bene
941 4336 1114 4405 expressisse.

128 4424 198 4494 (42¹)
219 4421 370 4487 Sententia,
387 4423 422 4476 ad
435 4441 516 4493 quom
529 4423 615 4492 prima
626 4439 680 4475 vox
693 4420 827 4475 cambrica
837 4419 956 4484 additur,
971 4428 1027 4475 eat:
1048 4421 1113 4476 audi
1121 4420 1164 4484 fili
1174 4419 1233 4474 cede

56 4507 159 4562 duabu·
180 4508 252 4562 sellu
270 4508 336 4560 tetta
347 4507 494 4578 [suprascr.
511 4497 539 4560 .i.
555 4507 729 4578 strumum]
741 4507 866 4560 cambuca
885 4513 972 4560 autem
990 4506 1097 4560 arctiori
1104 4505 1230 4576 pertinet.

962 4593 1025 4654 69*
