2986 5050
199 381 236 446 V.
254 387 283 444 2.
311 401 510 448 neurosruro
526 400 712 448 mensures
728 401 1002 448 emurcumnuu.
1119 385 1182 448 835

53 553 102 618 ud
118 551 259 618 uirtutis
272 551 340 616 itu.
358 573 404 616 er.
424 551 482 636 (gl.
499 551 642 616 viventes
656 553 717 616 deo
731 553 766 616 in
781 551 910 616 Christo
924 553 1014 631 Jesu,
1032 554 1128 618 Rom.
1148 562 1178 634 6,

53 665 76 720 t.
91 662 133 739 11)
146 660 212 722 Wb.
231 656 272 722 31.
298 659 336 722 de'
360 656 463 722 biubi
482 657 543 739 (dii
568 679 693 741 semper
712 657 789 735 vivi,
813 657 1021 736 immortales)
1038 661 1094 744 Sg.
1115 669 1178 726 39⁸.

50 763 227 848 111191111Μί,
247 755 415 851 ditdsotar',
438 763 583 840 tideus,
606 763 766 849 bidflrr'an
784 767 830 848 (p.
851 768 939 846 824).
971 765 1056 830 Cum
1077 769 1179 834 verbis

50 870 88 934 vd
101 871 193 936 formis
212 871 285 938 inde
300 869 498 956 propagatis:
523 869 731 936 ditddmnacd
739 871 816 955 first
829 891 959 936 muman
974 875 1112 958 (semper
1126 877 1179 940 be·

49 975 203 1040 redieritis
225 977 419 1058 Momoniae)
441 975 578 1040 Marion.
605 975 692 1041 Soet.
709 997 762 1062 ap.
781 979 884 1044 Perta.
906 986 935 1054 7,
955 984 1029 1041 481.
1052 979 1178 1046 hiddin-

48 1083 140 1166 nupud,
155 1081 364 1148 bidirniedtde
379 1085 426 1166 (p.
447 1087 519 1159 781,
536 1085 633 1164 not).
666 1082 731 1146 Vix
746 1083 832 1148 enim
847 1083 936 1148 aliud
950 1094 1090 1150 statuere
1104 1086 1178 1150 liee-

47 1187 81 1252 bit
88 1189 145 1272 jam
156 1189 188 1254 in
202 1189 385 1268 nominibus
400 1187 534 1254 vetustis
546 1187 708 1272 Bituriges
720 1201 754 1254 et
763 1189 957 1265 Dumnorix,
971 1212 1067 1272 quam
1079 1191 1178 1276 signi-

47 1294 190 1360 tutionem
204 1295 395 1359 intensivum
409 1293 692 1371 substantivorum,
707 1317 789 1378 quae
803 1295 908 1358 adhue
923 1295 1086 1362 hibernius
1101 1312 1178 1364 suut

46 1399 93 1464 titt
110 1413 138 1466 et
155 1403 265 1466 11111111
282 1403 467 1483 (mundus),
485 1422 544 1464 nec
564 1421 682 1483 magna
696 1399 899 1486 ¹perhibenda
918 1400 980 1466 erit
1000 1401 1178 1468 differentia

44 1507 248 1590 significationis
274 1508 404 1572 illorum
429 1505 676 1590 compositorum
701 1519 734 1570 et
757 1505 973 1572 derivatorum
997 1529 1037 1572 ex
1063 1509 1176 1574 iisdem

43 1615 214 1678 substantivis
238 1613 384 1678 Bituitus
411 1613 495 1676 Flor.
519 1625 552 1676 et
577 1613 766 1678 Dumnacus
792 1613 885 1676 Caes.
910 1616 956 1696 (p.
979 1621 1027 1676 11.
1050 1623 1106 1691 17;
1132 1617 1173 1680 ef.

41 1741 116 1804 geru.
127 1719 382 1796 Hermanatieus,
397 1719 621 1782 Ermenarieus
636 1739 775 1802 compos.
791 1740 865 1784 eum
878 1717 990 1784 irmiri-
1002 1719 1173 1801 intensivo,

41 1826 209 1913 etsimpliria
224 1827 359 1903 Irmino,
372 1825 600 1901 Herminones,
615 1825 746 1890 nomine
759 1825 838 1890 item
850 1825 991 1892 virorum
1007 1827 1057 1892 vel
1073 1850 1175 1914 popu·

40 1929 140 2016 unm).
168 1935 226 1998 Est
243 1932 351 1998 affinis
371 1931 407 1998 in
426 1930 659 2016 significatione
681 1930 809 2014 quidem
830 1931 949 1996 cembr.
974 1933 1050 2020 epu
1071 1936 1171 2016 (adu,

39 2057 62 2120 p.
76 2042 150 2123 575),
164 2041 219 2104 sed
232 2039 394 2106 discordat
408 2039 443 2102 in
460 2059 521 2102 usu
536 2047 568 2102 st
583 2035 693 2102 forma.

279 2279 328 2343 ΙΙ.
372 2277 607 2342 Particulss
628 2277 896 2362 separabiles.

99 2465 174 2532 sunt
193 2466 305 2532 obviae
324 2463 499 2549 pascuus
520 2445 556 2528 sn'
576 2465 760 2530 nominibus
781 2465 963 2550 compositis
978 2465 1102 2550 geues
1120 2490 1172 2532 v.-

36 2569 117 2648 tustis,
132 2595 207 2656 quae
229 2573 319 2638 haud
339 2571 436 2636 dubie
451 2581 613 2657 separatae
626 2571 897 2658 praepositionum
912 2572 980 2638 viee
994 2573 1173 2656 iungeban-

34 2685 81 2740 tur.
108 2680 276 2744 Partieules
303 2701 391 2755 esse,
416 2697 483 2742 non
506 2677 654 2754 nomina,
672 2677 743 2762 jam
767 2677 843 2743 inde
868 2690 975 2764 patet,
1001 2681 1087 2764 quod
1114 2694 1170 2744 eut

33 2799 84 2845 uon
99 2783 257 2852 intercedit
276 2796 351 2870 post
371 2805 425 2848 eas
446 2783 575 2861 vocalis,
593 2805 622 2848 e.
640 2805 687 2868 gr.
706 2796 779 2869 post
799 2787 869 2863 ad·,
895 2785 954 2864 tn,
972 2809 1055 2864 eon,
1074 2809 1166 2864 eona,

32 2900 75 2952 aut
91 2891 114 2954 si
132 2892 333 2958 intercedunt
353 2891 489 2967 vocales,
507 2912 574 2954 non
595 2903 672 2954 sunt
693 2913 748 2956 eae
766 2911 848 2975 quae
862 2891 1073 2956 inveniuntur
1087 2893 1171 2956 inter

32 2996 333 3084 omnesomnes,
351 3019 380 3073 o,
397 2996 457 3060 iet
471 3017 504 3072 u,
521 2997 576 3060 sed
591 3019 613 3060 α
627 3007 660 3060 et
674 3019 702 3074 e,
720 3019 748 3060 e.
765 3019 814 3081 gr.
832 2997 868 3062 in
882 3006 959 3074 ate,
974 2989 1054 3076 αίαὲ,
1069 3009 1167 3078 cutm,

32 3102 114 3166 arde.
142 3104 357 3189 Excipiuntur
378 3102 560 3167 desinentes
581 3102 616 3165 in
638 3101 756 3168 iselae
779 3103 835 3170 tri·
851 3115 883 3170 et
898 3105 1008 3168 ambi.
1042 3108 1170 3170 Herum

32 3209 156 3286 quaedam
166 3211 265 3276 videri
277 3219 429 3294 poterunt
440 3208 677 3291 inseparabiles,
694 3231 723 3272 e.
736 3231 785 3292 gr.
800 3211 869 3288 ad·,
883 3219 959 3287 ate,
975 3214 1082 3289 ande,
1096 3213 1171 3295 quin

31 3311 104 3378 etium
112 3315 144 3380 in
154 3327 280 3380 venusta
292 3315 455 3378 hibernica
466 3313 578 3397 lingua
588 3335 654 3379 non
666 3327 743 3378 sunt
754 3327 917 3400 separatae
929 3319 983 3393 ad,
998 3317 1077 3394 aith,
1089 3319 1168 3394 ind,-

31 3427 142 3486 numen
163 3423 262 3488 stiam
289 3421 348 3486 bas
375 3421 524 3505 primitus
546 3421 659 3484 saltem
682 3420 780 3486 fuisse
803 3435 963 3507 separatas
985 3425 1077 3488 docet
1105 3437 1171 3488 tam

30 3526 121 3590 ambr.
137 3539 178 3606 ot,
195 3551 294 3614 quam
316 3528 451 3592 aliarum
472 3527 656 3610 linguarum
671 3526 819 3592 affinium
833 3529 1093 3613 praepositiones
1111 3531 1168 3596 lat.

30 3629 69 3704 td,
87 3655 176 3716 germ.
193 3645 239 3714 at,
264 3635 342 3710 aad,
364 3655 413 3716 gr.
438 3623 521 3697 ἄντί.
557 3634 714 3717 Exempla
735 3633 921 3718 gallinarum
941 3636 1170 3719 particularum

30 3740 174 3804 seeundum
196 3743 336 3808 eundem
357 3739 514 3816 ordinem,
531 3762 595 3824 quo
616 3739 669 3804 hio
683 3751 874 3804 memoratae
890 3753 966 3806 sunt
980 3765 1167 3827 proponam.

91 3847 161 3910 AD:
179 3846 440 3930 Admegetobria,
458 3847 714 3912 Adsentuaunus
730 3847 822 3910 Caes.
840 3848 1012 3912 Adminius
1028 3850 1084 3928 (al.
1104 3849 1169 3912 Ad·

28 3943 133 4033 1111111111)
153 3953 287 4019 Sueten.
313 3953 417 4036 Culig.
444 3959 496 4015 14.
537 3953 578 4016 In
603 3951 865 4036 inscriptionibus
891 3954 1000 4018 obvia:
1027 3955 1170 4018 Adlucca

29 4047 127 4118 desili
149 4059 172 4122 1.
193 4061 315 4124 Mutat.
338 4065 431 4136 135³,
451 4066 481 4122 6.
510 4059 703 4137 Adnamtus,
732 4061 944 4138 Aduamatus,
974 4059 1168 4124 Adnamitus

28 4151 104 4224 Orell.
125 4169 196 4230 111.
221 4173 318 4232 ress.
338 4173 433 4230 soso.
463 4165 659 4240 advolante,
686 4166 851 4230 Advolena
873 4167 993 4230 Murat.
1024 4169 1166 4242 1111,1.

28 4259 163 4352 Adbogius
178 4273 282 4340 Stein.
301 4281 375 4338 440.
399 4271 580 4356 Adgentius
596 4271 653 4335 Or.
673 4275 768 4335 2018.
786 4272 981 4356 Adginm'uS,
999 4273 1170 4355 Adgennia

28 4363 188 4456 6111111,
207 4387 239 4444 s.
263 4378 448 4464 Auginnius
468 4377 684 4442 0111141118.
706 4379 866 4462 Adgonna
882 4381 1002 4443 Murat.
1025 4383 1117 4456 1111,
1137 4385 1167 4441 s.

28 4470 66 4539 11³
74 4480 159 4548 etiam
170 4485 425 4570 Adgandestrius
437 4505 488 4583 ap.
503 4486 531 4548 T
533 4506 580 4548 ae.
594 4483 711 4570 poterit
722 4506 790 4550 esse
801 4485 931 4569 quidem
942 4484 1090 4570 primitus
1101 4507 1171 4570 ger-

898 4587 964 4650 53*
