2978 5054
241 341 302 406 VI.
322 344 351 404 2.
380 359 605 406 cosamoorro
620 357 760 404 remma
775 353 992 400 sarcasmos.
1139 336 1202 399 957

108 517 201 576 Probis
211 517 371 592 juvenibus
385 516 524 586 illudunt,

106 625 192 679 Nocte
205 620 301 676 mulso
317 619 463 688 husam,
482 617 530 674 die
545 615 703 684 dormiunt,

106 727 204 782 Secura
219 721 283 778 sine
297 720 395 776 labore
411 719 589 789 nutriuntur,

105 824 259 882 Ecclesiam
274 821 405 880 devitant
420 827 450 878 et
464 821 615 878 tabernam
631 825 784 894 quaerunt,

104 931 172 985 Cum
187 925 348 983 latronibus
362 921 489 999 perjuris
503 922 716 988 consociantur,

103 1028 189 1084 Aulas
204 1035 233 1085 et
248 1026 352 1102 epulas
368 1029 543 1094 scrutantur,

104 1135 250 1204 Quamque
265 1148 367 1186 rocem
381 1127 514 1184 insanam
529 1126 675 1196 intimant,

102 1233 239 1306 Quodque
254 1237 408 1307 peccatum
423 1228 546 1304 capitale
561 1227 737 1296 collaudant,

103 1339 249 1408 Quamque
264 1331 472 1406 profanitatem
486 1331 562 1387 ritae
578 1330 699 1399 ducunt,

102 1439 152 1495 Per
165 1453 251 1492 omne
267 1434 418 1510 oppidum,
438 1451 555 1489 omnem
569 1433 675 1500 vicum,
696 1449 811 1489 ornnem
825 1429 973 1506 regionem
988 1435 1138 1506 vagantur,

101 1537 225 1596 Pericula
239 1535 343 1593 mortis
358 1553 418 1591 non
433 1541 544 1604 curant,

99 1643 156 1698 Nec
171 1637 353 1696 domicilium
368 1655 423 1692 nec
438 1635 653 1709 eleemosynam
667 1653 798 1708 unquam
812 1633 892 1702 dant,

98 1739 321 1797 Abundantibus
337 1737 408 1795 cibis
424 1737 588 1812 epulantur,

99 1843 215 1901 Psalmis
230 1849 262 1900 et
277 1840 407 1898 oratione
421 1859 481 1897 non
495 1846 627 1908 utuntur,

98 1947 227 2002 Decimus
243 1951 274 2002 et
289 1941 453 2000 oblationes
468 1941 523 1997 deo
538 1959 597 1998 non
613 1941 755 2010 solvunt,¹

97 2047 204 2104 Diebus
219 2046 306 2104 festis
322 2051 352 2102 et
366 2041 519 2100 dominicis
534 2060 594 2100 non
608 2051 792 2114 venerantur,

97 2149 214 2226 Vigilias
229 2155 261 2206 et
275 2145 466 2205 caerimonias
481 2163 541 2202 non
556 2145 722 2204 observant.

97 2253 170 2309 Ares
184 2251 297 2319 rolant,
316 2249 413 2324 pisces
428 2253 540 2318 natant,

96 2355 171 2428 Apes
186 2351 367 2420 mellificant,
386 2369 499 2408 vermes
514 2356 631 2426 repunt,

93 2456 222 2540 *Quodvis
237 2459 376 2529 operatur
390 2451 427 2510 ad
443 2452 678 2528 consequendam
692 2452 881 2512 nutritionem

93 2555 226 2632 Exceptis
243 2555 340 2614 Cleris
356 2561 386 2612 et
400 2554 561 2620 latronibus
576 2553 666 2629 pigris
681 2555 845 2613 inutilibus.

96 2717 159 2773 Non
172 2717 357 2793 reprehendo
373 2734 428 2791 ego
442 2722 561 2774 cantum
576 2721 605 2772 et
620 2721 770 2774 cantorum
785 2721 885 2786 artem,

95 2819 166 2876 Nam
180 2820 255 2876 deus
272 2837 307 2876 ea
322 2819 403 2876 dedit
418 2822 518 2875 contra
532 2817 625 2875 malae
640 2818 786 2887 tristitiae,

96 2919 156 2976 Nisi
171 2941 241 2977 eum
256 2921 309 2996 qui
324 2940 359 2977 ea
373 2921 434 2996 agit
447 2919 548 2994 iniquo
564 2938 622 2978 usu

97 3021 141 3078 Ad
154 3021 429 3097 reprehendendum
443 3022 547 3080 desum
562 3021 686 3097 ejusque
702 3007 885 3079 servitium.³’

113 3167 240 3232 Praeter
254 3189 460 3232 communem
475 3169 623 3253 copulam
636 3176 708 3233 -aat
717 3167 925 3232 enarrationis
937 3167 1196 3250 reprehendentis

44 3279 69 3331 et
81 3273 157 3337 aeth
172 3275 323 3358 strophae
338 3275 444 3338 finalis
459 3275 494 3338 in
509 3275 659 3338 membris
674 3275 757 3338 hanc
771 3273 1033 3358 praecedentibus
1047 3275 1195 3340 omnibus

44 3371 168 3443 laterales
179 3379 383 3444 assonantiae
394 3391 426 3444 et
437 3379 581 3445 internae
592 3381 813 3457 inveniuntur,
827 3401 908 3465 quae
920 3391 1027 3444 tamen
1039 3403 1105 3446 non
1115 3403 1195 3446 sem·

42 3497 167 3562 pereunt
178 3487 304 3570 plenae.
330 3485 584 3550 Terminationes
597 3486 674 3564 -ἰοη,
688 3467 770 3564 2iau,
785 3485 879 3563 dant,
894 3509 975 3571 quae
990 3487 1138 3552 videntur
1149 3487 1196 3551 bi-

41 3586 173 3669 syllabae,
183 3592 368 3655 obmetrum
376 3591 429 3655 hic
437 3593 1119 3678 potiusmonosyllabaeputandaesuntsseg.
1129 3595 1197 3676 -jon
1259 3659 1264 3666 ,

41 3697 116 3775 etc),
130 3697 184 3760 sed
198 3697 403 3762 constituunt
417 3697 589 3782 bisyllabas
600 3698 798 3764 assonantias
810 3699 989 3764 accedendo
1000 3701 1040 3764 ad
1053 3701 1194 3764 internas

41 3795 67 3860 in
77 3801 198 3866 vocibus
210 3801 359 3866 indicatis
368 3803 559 3887 pwirr'oaioa
568 3805 719 3891 ddynion,
727 3805 870 3892 pwylr‘ou
878 3805 1039 3869 mowilr'au
1047 3805 1191 3888 aliisque.

111 3909 254 3976 Quodvis
268 3910 447 3973 membrum
462 3931 577 3974 novem
588 3911 783 3996 syllabarum
795 3933 863 3975 esse
875 3910 966 3975 solet.
990 3910 1055 3973 Hic
1068 3932 1194 3992 quoque

40 4009 153 4094 scriptio
175 4025 303 4078 venusta
324 4015 473 4080 restituta
493 4016 691 4081 assonantias
712 4017 851 4081 initiales
873 4015 1046 4080 recentiore
1061 4015 1194 4079 abolitas

39 4115 157 4197 reducit,
175 4142 204 4184 e.
222 4143 271 4205 gr.
295 4119 330 4185 in
349 4120 418 4184 his:
440 4121 623 4207 quiriom'oa
641 4128 647 4205 Ι
666 4122 842 4187 morciaioa
860 4127 865 4203 1
885 4120 980 4198 mair,
998 4142 1055 4205 pro
1067 4121 1194 4206 sorap-

39 4221 103 4286 πίονι
120 4225 214 4290 mair.
248 4225 301 4291 Fit
320 4227 380 4291 hoc
402 4227 572 4314 praecipue
593 4231 628 4294 in
648 4239 785 4315 quatuor
799 4228 909 4314 primis
924 4225 1085 4304 membris,
1104 4248 1194 4290 orna-

42 4325 74 4390 tis
91 4351 161 4413 prae
182 4333 330 4398 omnibus
346 4333 430 4412 aliis,
448 4335 530 4400 etin
545 4335 666 4402 ultimis
681 4345 829 4420 quatuor,
847 4355 906 4419 per
917 4355 998 4416 quae
1012 4331 1196 4397 assonantia

41 4436 225 4504 odomimns
239 4463 278 4504 eo
292 4442 386 4504 modo
399 4441 523 4524 prodit:
