2994 5052
294 326 356 388 718
444 325 505 388 [V.
525 331 556 388 4.
592 343 801 390 eluricum
816 345 1051 394 unumunurm!
1068 345 1307 392 colummae.

294 494 475 578 quaesitum
483 494 510 576 l)
529 501 557 570 1,
576 501 625 558 11.
644 494 786 578 aphonyt
796 517 818 579 y
830 515 966 578 gmaew
980 496 1053 560 dial
1064 499 1111 578 (et
1124 494 1238 580 quidni
1253 517 1380 558 sumere
1394 493 1453 558 rin·
1489 481 1491 506 ⁴

293 599 444 682 dictami)
462 605 492 676 2,
513 606 563 664 18.
1490 623 1491 666 ς

376 723 551 787 Cornica
572 723 600 785 A
616 723 690 800 NA,
708 724 738 786 A
754 723 837 787 NY:
863 745 884 786 a
903 745 948 786 aa
968 724 1066 809 wylta
1080 726 1203 805 (annon
1223 723 1352 804 vidant)
1368 725 1448 788 Pam.
1490 759 1491 812 3

295 833 367 904 120,
385 834 413 889 3.
432 851 453 890 a
467 850 510 913 ny
525 809 645 894 coortas
661 851 707 892 ow
722 837 840 913 meetry
852 832 975 911 (annon
989 827 1107 891 novisti
1119 840 1310 913 potestatem
1323 831 1454 912 mermi)
1490 813 1491 844 ¹

296 939 367 1011 144,
388 939 418 995 a.
782 963 787 970 -
1490 937 1491 942 ‘

378 1055 584 1120 Armorica
604 1056 710 1133 ANA,
725 1057 817 1120 ANE
833 1055 1029 1140 conjicienda
1043 1067 1092 1119 est
1106 1068 1139 1120 et
1153 1057 1256 1138 obvia,
1271 1059 1300 1122 si
1316 1069 1404 1123 recte
1417 1060 1454 1122 vi-

292 1165 362 1239 deo,
379 1162 414 1224 in
427 1161 513 1224 Buh.
532 1167 603 1238 158,
619 1167 655 1223 8:
673 1161 835 1247 accedindy
851 1163 926 1225 duct
935 1163 1076 1247 qumodo
1088 1164 1209 1244 (annon
1224 1175 1303 1228 aunt
1315 1165 1407 1229 allati
1418 1177 1454 1228 tc
1490 1161 1491 1166 ’

291 1289 376 1345 cum,
394 1267 569 1351 argenteil)

378 1397 408 1454 3.
435 1389 698 1473 Interrogationis
720 1387 888 1474 bipartitae
909 1389 964 1452 vix
985 1391 1131 1474 exempla
1150 1405 1338 1457 occurrunt.
1372 1395 1454 1459 Cam·

291 1496 395 1560 bricae
410 1491 541 1558 iteratae
555 1495 730 1580 particulae
744 1495 804 1558 ΑΕ
818 1531 860 1544 -·
874 1495 934 1558 ΑΕ
950 1495 999 1558 vel
1014 1497 1044 1558 A
1060 1533 1100 1544 -
1115 1499 1155 1574 A,
1174 1497 1201 1560 si
1218 1519 1290 1581 pars
1307 1499 1455 1582 posterior

292 1611 341 1664 est
370 1601 549 1678 affirmans,
578 1600 686 1683 colligi
714 1610 850 1683 possunt
879 1623 919 1664 ex
945 1601 1191 1684 interrogatione
1218 1603 1365 1686 simplici
1390 1615 1455 1668 ete

294 1707 372 1789 Lag.
392 1712 422 1768 2.
443 1713 471 1768 1.
491 1711 548 1768 2⁷2
576 1709 707 1792 cdcueyt
726 1729 743 1769 e
765 1705 905 1790 kefrec'td
927 1729 971 1772 aa
993 1729 1051 1794 cyr
1072 1729 1132 1790 nep
1147 1707 1218 1771 aad
1234 1729 1274 1772 au
1287 1709 1337 1794 oy
1353 1709 1454 1774 aima

291 1832 375 1896 ruyn
391 1833 429 1873 oe
440 1811 550 1894 qureic
562 1813 628 1896 (lex
642 1811 831 1896 pronuntiat
845 1811 1007 1877 neminem
1021 1833 1112 1896 pocae
1128 1811 1217 1889 scire,
1232 1814 1314 1896 quid
1327 1815 1373 1879 ait
1384 1816 1453 1900 ipsa,
1490 1879 1491 1888 ,

292 1928 400 1980 utrum
409 1917 685 2000 virgoanmulier3
695 1919 777 2002 cip.
789 1921 876 2001 686).
899 1917 1128 2001 Numinparte
1136 1919 1305 2001 posteriori
1314 1921 1455 2004 negativa
1489 1909 1491 1952 ³

292 2023 327 2086 in
342 2045 405 2086 usu
419 2021 516 2086 fuerit
529 2023 666 2086 formula
680 2045 718 2086 aa
732 2047 803 2100 noc,
821 2047 842 2087 a
857 2046 928 2099 nac,
947 2023 1129 2106 exemplum
1143 2045 1210 2088 non
1225 2029 1424 2109 comprobat.
1489 1979 1491 2032 ⁴

378 2146 532 2209 Comicae
551 2157 588 2208 ut
608 2145 778 2209 armoricae
797 2145 950 2208 fonnulae
972 2156 1123 2228 poterunt
1144 2146 1222 2210 item
1242 2147 1366 2231 conjici
1379 2151 1409 2211 A
1422 2185 1455 2196 -

292 2253 332 2328 A,
351 2251 408 2314 AC
424 2287 466 2302 -
481 2251 550 2318 Ae.
584 2249 646 2316 Sed
662 2250 696 2313 in
711 2250 799 2316 libris
816 2252 960 2335 exempla
974 2273 1040 2315 non
1055 2250 1129 2335 legi.

548 2514 587 2578 C.
621 2513 860 2578 Particulae
886 2513 1196 2596 respondentes.

379 2677 592 2764 Cambrice
613 2699 822 2781 respondetur
848 2697 973 2781 saepius
1000 2695 1098 2772 etiam
1123 2709 1160 2761 ut
1185 2697 1357 2762 hibcmicc
1378 2721 1455 2783 repe

295 2807 392 2869 tenda
407 2825 492 2880 voce,
512 2813 579 2866 tem
593 2802 793 2868 substantivo
808 2825 904 2886 quam
919 2803 1025 2879 verbo,
1043 2825 1106 2886 quo
1121 2805 1159 2866 fit
1172 2801 1399 2888 interrogatio,
1414 2804 1455 2868 vel

296 2909 482 2974 affirmando
497 2907 548 2972 vel
562 2909 720 2992 negando.

380 3033 418 3096 E.
436 3053 484 3116 gr.
502 3032 704 3094 affirmando:
729 3053 766 3094 ae
787 3053 892 3095 amaea·
911 3031 994 3116 poni
1012 3040 1106 3118 oynct
1124 3053 1165 3117 yr
1180 3031 1312 3116 dyrdeu.
1334 3037 1455 3098 Anna.

294 3139 442 3222 orplwyd
464 3135 522 3200 heb
547 3157 588 3221 pr
613 3135 712 3200 owee'n
734 3139 827 3216 (num
854 3149 978 3222 tempus
1004 3137 1096 3202 nobie
1123 3139 1221 3201 eundi
1247 3139 1289 3201 ad
1314 3135 1457 3202 menna?

294 3243 454 3326 Tempus!
480 3241 618 3318 dominc,
636 3243 800 3324 respondit
815 3243 873 3326 Ο.)
889 3243 977 3306 Mab.
999 3249 1027 3320 1,
1048 3250 1098 3306 11.
1124 3265 1145 3306 a
1167 3244 1241 3328 bears
1257 3243 1295 3306 di
1311 3245 1369 3309 bot
1383 3265 1457 3329 eym-

294 3347 405 3412 march
425 3348 440 3410 ι’
459 3369 512 3410 am
533 3367 633 3409 araca
652 3369 695 3431 pn
718 3349 835 3433 vnbcdy
850 3346 918 3410 ami
930 3345 1020 3411 leno.
1045 3348 1162 3432 Paros
1171 3352 1264 3430 (num
1279 3349 1382 3414 facies
1397 3367 1457 3412 ene

294 3473 414 3537 equum
427 3473 535 3515 meum
548 3463 580 3514 et
591 3473 678 3515 arma
688 3473 760 3516 mea
770 3451 805 3516 in
816 3473 882 3516 uno
892 3453 962 3516 loco
973 3475 1100 3516 meeum
1111 3451 1171 3516 hae
1182 3453 1296 3516 nocte?
1311 3455 1430 3520 faciam
1437 3455 1458 3534 l)

298 3567 327 3636 1,
346 3563 420 3620 264.
445 3579 517 3636 coca
538 3555 698 3622 chwedlea
720 3581 737 3620 ο
758 3559 873 3644 newyd
886 3566 1008 3643 pennyt
1028 3557 1062 3622 ti.
1091 3561 1152 3623 Oea
1173 3559 1325 3644 arqlwyd
1345 3559 1405 3624 tot
1423 3579 1458 3645 pr

294 3673 391 3750 poten
411 3666 504 3747 (num
530 3663 639 3727 nuntii
661 3663 735 3726 novi
758 3674 834 3727 sunt
855 3661 982 3726 tccmni
1005 3663 1106 3727 Sunt!
1132 3663 1271 3740 domina,
1296 3663 1458 3749 responde

294 3769 363 3852 ille)
381 3774 412 3846 2,
431 3777 461 3832 6.

381 3875 418 3940 Si
432 3885 578 3958 negatur,
593 3874 717 3938 obtinet
731 3875 907 3958 particulae
921 3875 1021 3938 forma
1032 3876 1107 3954 NA,
1122 3886 1198 3940 ante
1212 3877 1339 3941 vocales
1352 3879 1455 3942 Nnc:

297 3981 401 4065 dywct
421 3979 478 4042 tet
501 3981 545 4064 ef.
563 4003 584 4044 a
605 4003 645 4044 vu
667 3981 708 4064 es
719 3989 839 4065 pennyt
855 3980 881 4044 a·
894 4003 914 4042 a
930 3981 1120 4064 qwneuthur
1134 3984 1253 4046 amaad
1264 3991 1378 4047 arnae.
1409 3981 1459 4046 No

296 4107 337 4148 vu
355 4105 431 4170 myro
453 4093 563 4170 qurct
581 4085 639 4150 hed
661 4085 698 4148 la·
718 4085 795 4168 (dic,
819 4085 936 4169 inquit,
959 4107 1039 4148 num
1060 4086 1122 4150 fuit
1141 4087 1168 4151 is
1191 4089 1279 4171 apud
1303 4099 1335 4151 tc
1359 4089 1403 4152 ad
1419 4087 1459 4150 ia-

296 4189 446 4254 ciendum
470 4201 582 4254 contra
606 4191 804 4255 voluntatem
831 4190 908 4254 tibi?
938 4191 1014 4254 Nou
1036 4191 1115 4271 fuit,
1138 4213 1197 4276 per
1220 4194 1319 4256 fidem
1345 4213 1456 4266 mem,

297 4294 381 4358 dixit
401 4294 485 4377 ipae)
500 4297 589 4360 Mab.
610 4304 638 4372 1,
659 4302 728 4360 240.
755 4320 776 4360 a
796 4317 923 4382 vorwyn
941 4296 998 4359 hed
1012 4319 1034 4382 y
1043 4299 1186 4381 peradur
1199 4301 1283 4386 adop
1298 4299 1372 4384 diy
1387 4300 1459 4362 dn·

296 4421 352 4483 poe
374 4399 442 4483 ymi
460 4421 500 4484 yr
521 4401 645 4464 coludi
662 4401 797 4467 dwnaw.
823 4403 898 4466 Nec
918 4403 964 4487 as
975 4425 1019 4488 ny
1040 4403 1215 4490 lytmaaoya
1235 4406 1300 4490 dyo
1314 4413 1461 4489 meter
