2978 5054
288 359 351 422 950
408 355 415 367 '
492 363 552 426 Vl.
572 368 603 424 2.
636 381 861 426 cousraucrro
879 385 1015 428 rosrrcs
1034 383 1250 429 samnium.

291 532 376 614 quod
405 532 491 595 inter
509 531 682 596 vetustiora
704 533 807 616 primo
830 535 899 597 loco
918 535 1049 618 ponitur
1070 537 1210 619 (atym.
1235 536 1333 598 Arch.
1356 544 1384 612 1,
1399 543 1428 617 t),

291 635 429 720 exempli
445 649 509 700 tam
525 637 706 702 vetustioris
722 659 818 722 quam
834 639 995 724 amplioris
1011 661 1106 704 causa
1121 641 1268 724 inprimis
1279 641 1333 704 hic
1343 663 1429 704 meno·

291 745 428 807 randum
450 753 509 819 ast,
528 744 672 826 quamvis
690 745 756 808 sint
771 746 879 809 omnia
893 746 972 809 haec
987 749 1130 824 vetusta,
1142 770 1209 810 non
1225 759 1347 811 servata
1359 747 1387 810 in
1397 768 1430 809 co

293 849 416 912 dinibus
433 848 628 931 aequalibus
644 849 678 912 in
693 851 901 914 recentiorem
913 851 1169 938 orthographiam
1184 853 1388 938 transscripta,
1399 853 1430 914 in-

294 956 418 1018 terdum
436 953 633 1017 hauddubie
649 978 667 1018 a
683 957 922 1034 recentioribus,
940 959 1115 1022 vetustiora
1129 981 1194 1022 rien
1210 959 1432 1043 intelligentibus

293 1071 337 1134 et,
354 1073 391 1122 ut
412 1061 460 1136 fit,
479 1060 513 1122 in
535 1060 680 1123 habitum
703 1063 909 1126 recentiorem
931 1065 1241 1142 transformantibus,
1260 1067 1382 1130 alterata
1398 1064 1432 1125 rel

294 1167 494 1249 interpolata.

381 1273 524 1336 Primum
547 1274 641 1336 offero
663 1275 780 1358 primos
796 1275 945 1337 carminis
961 1297 1080 1350 versus
1099 1299 1178 1360 quos
1194 1279 1235 1339 ob
1250 1276 1433 1341 assonantiam

294 1379 461 1455 initialem,
487 1401 567 1464 quae
589 1377 749 1442 interdum
773 1381 901 1463 quidem
926 1391 974 1444 est
994 1383 1184 1458 consociata,
1209 1383 1337 1466 saepius
1356 1397 1434 1447 amer

292 1509 348 1569 per
378 1487 442 1550 duo
470 1485 611 1548 membra
638 1486 869 1570 contraposita,
895 1497 927 1550 et
955 1487 1030 1570 quia
1051 1488 1135 1552 binis
1160 1490 1331 1566 membris,
1354 1489 1434 1551 idest

296 1679 475 1742 Brittanniae,
490 1677 519 1732 id
538 1685 588 1743 ast,
604 1679 698 1732 Umbri
716 1679 806 1742 maria,
822 1685 849 1731 et
861 1681 1074 1748 regnavitannis
1086 1683 1230 1736 duodecim
1243 1691 1272 1736 et
1284 1681 1376 1736 struxit
1386 1679 1435 1733 llis

293 1763 392 1834 puerei
406 1763 643 1816 Guarthlemeicb.
663 1763 739 1816 Tunc
753 1763 884 1834 Dotioirn
897 1765 925 1817 in
938 1765 985 1819 illo
999 1773 1119 1837 tempore
1131 1767 1240 1821 sortiter
1249 1767 1385 1821 dimicabat
1391 1783 1435 1818 mr-

293 1857 334 1902 tra
348 1857 457 1919 gentem
470 1850 632 1918 Anglorum.
658 1851 754 1902 'l'unc
771 1849 940 1903 Talhacrn
960 1851 1143 1921 Cataguan
1168 1853 1200 1905 in
1220 1851 1435 1923 poenatem·

294 1935 368 1988 ruit
392 1943 426 1988 et
448 1935 571 1990 Neirin
594 1935 780 2005 [Aneurin]
799 1943 833 1988 et
850 1935 1030 1988 'l'aliessi'n
1055 1945 1092 1989 et
1110 1937 1290 1992 Bluchbar
1312 1947 1344 1990 et
1360 1937 1434 1994 Cirr,

295 2019 353 2090 qui
371 2028 517 2073 roratur
536 2020 697 2075 Guenitlr
715 2019 843 2083 Guaut,
863 2020 966 2074 simul
990 2039 1056 2074 uno
1075 2030 1231 2094 tempore
1247 2024 1284 2077 in
1302 2029 1436 2094 pobmatr

294 2105 500 2157 britannico
520 2100 755 2158 claruerunt.”

365 2189 430 2242 Idae
448 2189 528 2259 primi
540 2189 758 2243 Nordhumbriaa
776 2189 847 2259 regis
866 2189 973 2243 initium
992 2190 1020 2242 in
1034 2191 1167 2245 Clrronico
1185 2194 1315 2247 saxonico
1328 2193 1359 2246 ad
1369 2211 1390 2244 a.
1401 2193 1436 2241 sn

295 2281 415 2328 notatur.
435 2274 568 2344 Dutpirn
583 2275 670 2344 (niger
688 2275 825 2345 dominus)
840 2291 938 2328 nomen
957 2291 1016 2328 esse
1033 2277 1145 2346 vulgare
1156 2279 1280 2348 ejusdem
1293 2279 1369 2348 regis,
1381 2275 1438 2344 cajo

294 2360 433 2430 proprium
446 2367 503 2412 erat
518 2361 659 2423 Greotodio,
674 2359 872 2430 conjiciendum
885 2369 935 2413 est.
961 2361 995 2414 ln
1006 2361 1109 2416 Nannii
1121 2363 1181 2418 loco
1193 2365 1274 2434 posui
1285 2363 1380 2416 suasit
1388 2359 1438 2414 Dte

273 2473 276 2484 ι
293 2445 392 2514 patarei
406 2445 633 2498 Giarrtlrbcrnciclt
647 2463 695 2516 pro
709 2453 851 2514 corrupto:
871 2445 948 2498 uom't
959 2445 1135 2516 Dinpuoyrdi
1149 2449 1382 2503 Gaurtddcrneicl.
1402 2445 1438 2498 nt

296 2530 367 2583 enim
376 2529 532 2599 Dc‘rrpuaroi
542 2548 639 2583 nomen
654 2529 816 2582 cambricum
829 2529 910 2584 castri
923 2531 1062 2586 Berniciae
1075 2533 1221 2604 superioris
1237 2533 1345 2604 (cambr.
1352 2529 1438 2602 ponii·

295 2616 396 2686 superl.
408 2617 561 2684 puerilium,
577 2623 722 2680 extremus,
736 2632 763 2685 p.
780 2619 839 2668 656.
855 2615 926 2684 ott),
942 2617 1015 2685 quod
1034 2617 1139 2686 anglice
1157 2617 1259 2672 dicitur
1275 2615 1437 2680 Reddendum.

297 2701 361 2754 hod.
373 2700 572 2769 Bomdorouplr,
584 2709 616 2753 ut
628 2707 703 2770 patet
716 2715 731 2754 e
742 2717 807 2752 mox
820 2700 890 2752 infra
902 2699 1077 2770 sequentibus
1089 2719 1132 2773 ap.
1143 2701 1283 2756 Naeuium
1293 2725 1300 2757 r
1311 2697 1439 2756 “Eadleed

296 2785 373 2839 dedit
391 2785 471 2838 uxori
489 2801 553 2840 suae
565 2786 736 2854 Diapuorop,
752 2802 821 2855 quae
838 2793 950 2840 vocatur
962 2785 1064 2852 Babba,
1083 2795 1111 2840 et
1129 2787 1164 2840 de
1175 2788 1286 2842 nomine
1297 2807 1359 2844 auae
1369 2783 1439 2840 morit

296 2871 415 2940 suscepit
432 2888 540 2936 nomen,
556 2870 584 2924 id
596 2877 646 2934 est,
660 2867 888 2924 Bebbanburch.“
915 2871 988 2924 Sunt
997 2870 1077 2924 etiam
1091 2873 1199 2928 nomina
1212 2877 1350 2942 poetarum
1360 2873 1386 2925 in
1395 2869 1440 2922 loeo

295 2955 343 3008 illo
363 2955 463 3008 Nannii
485 2962 634 3008 memoratu
654 2955 739 3025 digno
759 2955 820 3025 plus
839 2953 882 3008 vel
899 2955 990 3008 minua
1009 2964 1150 3026 corrupta:
1170 2955 1279 3022 Neirr'a,
1294 2959 1328 3011 al.
1345 2953 1438 3010 il’uar't.

296 3040 368 3093 haud
382 3041 464 3094 dubie
477 3057 525 3112 pro
538 3040 670 3094 Ascuris.
696 3041 720 3093 n
734 3041 843 3094 nomine
855 3041 995 3093 Blochbar
1007 3041 1177 3111 transpositis
1189 3042 1276 3096 literis
1292 3042 1374 3113 prodit
1385 3035 1439 3092 Lel-

298 3125 387 3189 barch,
402 3126 480 3196 cujus
497 3126 631 3178 recentior
649 3125 759 3196 scriptio
779 3133 821 3178 est
832 3125 976 3194 Llyworcli
990 3125 1180 3195 (lyuorcdlrm
1191 3127 1248 3196 jam
1262 3126 1439 3194 mesaspus

296 3209 397 3279 legitur
414 3211 442 3263 in
460 3211 530 3263 libro
543 3211 629 3263 Land.
647 3215 695 3262 138
711 3211 738 3263 in
757 3209 938 3288 descript-ione
957 3211 1016 3279 agri
1034 3227 1049 3263 e
1068 3217 1188 3280 tempore
1206 3211 1324 3282 episcopi
1341 3204 1440 3262 Oudoeei

297 3295 397 3348 saeculi
421 3297 491 3348 sexti
516 3297 655 3360 exeuntis,
677 3295 705 3348 in
724 3293 920 3347 recentioribus
939 3295 1038 3348 chartis
1055 3294 1106 3348 riri
1123 3311 1222 3351 nomen
1243 3291 1382 3348 temneat
1393 3295 1438 3350 ΠΝ,

296 3381 449 3434 Loumorcd
468 3383 531 3446 230,
552 3381 691 3452 quaeritur
710 3392 775 3432 num
794 3377 881 3442 idem,
903 3395 938 3432 an
957 3379 1114 3448 diversum).
1137 3380 1258 3434 Nomina
1276 3377 1439 3433 Tollorbntl

300 3466 368 3518 Orba
381 3467 462 3519 etiam
475 3467 547 3537 apud
560 3467 663 3520 Bardos
676 3473 797 3520 vetustos
809 3471 1002 3519 memorentur.

364 3551 502 3622 Regiones
521 3553 630 3606 eaedem
648 3549 872 3622 septentrionales
892 3556 1076 3602 memorantur
1093 3549 1121 3602 in
1138 3551 1265 3604 carminis
1277 3545 1387 3618 inseripti
1400 3545 1440 3592 (so-

296 3637 373 3692 doclis
386 3639 513 3708 strophis,
529 3655 597 3708 quae
611 3637 761 3690 Caeaucum
775 3635 921 3698 celebrant,
936 3634 1042 3688 duabus
1055 3635 1250 3705 posterioribus
1261 3635 1313 3690 ita:

609 3739 647 3794 Yt
658 3737 742 3807 dgffei
759 3737 863 3806 Wynccl
873 3755 889 3788 a
906 3735 1026 3805 Goylcdd
1035 3735 1061 3788 ei
1071 3753 1140 3789 roms

609 3845 623 3876 o
635 3825 729 3893 pyrea!
740 3822 800 3875 laod
816 3821 845 3874 Y
841 3839 952 3891 apyron.

294 3927 503 4000 “congregabat
519 3927 670 3982 Venedotia
688 3931 715 3978 et
734 3923 888 3998 Septentrio
911 3923 939 3994 (i.
960 3941 984 3976 e.
1004 3923 1141 3996 Cumbria)
1164 3942 1240 3978 suam
1258 3933 1351 3994 partem
1367 3921 1440 3988 (suam

1115 4007 1258 4080 populum)

297 4098 410 4153 consilio
424 4099 472 4152 filii
486 4095 616 4153 Scirani.¹'

609 4163 717 4268 Oroydir'
722 4217 790 4268 pym
797 4204 916 4269 pyrnuat
927 4215 973 4251 roo
983 4217 1003 4267 y
1016 4197 1145 4266 llofnw

605 4305 619 4336 o
632 4303 690 4354 rryr
702 4285 805 4354 Dewyr
816 4302 834 4334 o
846 4283 985 4354 Brynsr'clr
997 4283 1146 4354 dyclrowr.

523 4385 706 4440 “Ceciderunt
718 4387 838 4457 quinque
850 4393 955 4438 turmae
969 4401 1057 4438 coram
1071 4385 1130 4455 ejus
1142 4385 1242 4440 lomina

525 4473 642 4528 virorum
656 4471 755 4526 Deiras
769 4479 796 4524 et
809 4470 948 4525 Berniclae
961 4467 1106 4524 ferorum.¹'
