2978 5054
285 401 347 462 948
492 400 552 464 VI.
573 404 603 462 2.
632 419 857 468 oonsrnuorro
872 418 1011 464 ronnei
1029 417 1244 464 sarrsmucr.

371 571 430 634 Est
444 569 535 653 quasi
552 591 659 634 versus
677 569 774 634 trium
789 569 1014 646 membrorum,
1029 591 1165 653 quorum
1181 567 1316 651 quodvis
1330 579 1377 632 est
1388 568 1432 652 syl·

285 677 429 740 labarum
452 687 584 760 septem,
602 687 735 760 excepto
756 677 888 740 fortasse
908 677 1048 738 secundo
1070 677 1242 738 excedente
1256 695 1332 738 eum
1347 695 1433 738 nume

287 805 359 846 rum
374 805 439 845 una
455 782 577 866 syllaba
591 781 723 846 minoris
739 793 888 846 accentus
903 781 942 846 he
956 782 1138 865 praemissa.

372 889 491 952 Eadem
513 887 707 952 constructio
729 887 881 951 orationis
902 888 1045 972 poeticae
1065 887 1316 972 deprehenditur
1338 887 1371 950 in
1383 887 1434 950 aliis

285 994 479 1059 carminibus
495 993 591 1056 etiam
602 993 841 1057 recentioribus.
867 993 987 1056 Elibro
998 993 1083 1059 dicto
1094 993 1187 1077 nigro
1199 993 1435 1058 Caermarthensi

287 1099 451 1184 Hengurti
463 1110 623 1162 asservato
634 1101 674 1162 ad
686 1099 794 1162 literas
806 1109 838 1161 et
849 1099 950 1162 lineas
959 1101 1114 1182 quaedam
1122 1099 1246 1162 reddita
1254 1111 1332 1164 sunt
1343 1100 1435 1183 inope·

286 1207 328 1270 ris
341 1205 486 1290 inscripti
493 1199 588 1267 “The
597 1205 765 1289 Myvyrian
774 1197 1007 1289 Archaiology'’
1015 1205 1117 1288 prima
1129 1217 1219 1288 parte
1227 1205 1369 1289 indeap.
1380 1213 1434 1266 575.

287 1312 366 1396 Ejus
389 1311 506 1374 codicis
523 1310 728 1394 posteriorem
743 1321 866 1395 partem
882 1311 1031 1395 scriptam
1047 1333 1115 1374 esse
1130 1311 1257 1374 saeculo
1272 1311 1437 1375 duodecimo

285 1441 384 1502 eaque
407 1418 509 1480 multo
532 1416 737 1480 vetustiorem
756 1416 854 1480 videri
869 1428 992 1500 partem
1006 1414 1143 1499 priorem
1158 1429 1266 1479 censet
1285 1417 1437 1501 Lhnpdiu

287 1524 467 1610 (Archaeol.
480 1523 562 1586 Brit.
573 1545 606 1606 p.
617 1527 689 1587 225.
706 1529 763 1586 261
778 1549 787 1600 ;
801 1523 842 1586 cf.
853 1524 988 1586 Turner.
998 1523 1204 1606 Vindicatp.
1215 1528 1253 1584 24
1263 1527 1341 1607 sq.).
1362 1521 1437 1606 Equi·

286 1635 359 1698 dem
375 1643 483 1695 tamen
499 1627 701 1712 scriptionem
717 1628 928 1712 speciminum
943 1629 1121 1692 oblatorum
1132 1629 1167 1692 in
1179 1651 1274 1713 opere
1285 1640 1437 1693 memorato

286 1761 379 1823 aegre
391 1733 608 1801 transtulerim
619 1734 704 1798 ultra
716 1735 879 1798 saeculum
890 1735 1125 1812 duodecimum,
1135 1757 1239 1818 neque
1249 1737 1348 1798 velim
1355 1757 1438 1799 asseu-

288 1847 346 1910 tire
358 1845 491 1918 Oweno,
506 1841 561 1924 qui
573 1841 713 1905 codicem
725 1840 852 1904 saeculo
864 1840 987 1904 decimo
999 1841 1125 1905 ineunti
1136 1841 1286 1906 attribuit
1298 1843 1436 1926 (Gramm.

287 1977 318 2038 p.
342 1957 385 2034 7),
403 1951 502 2014 immo
523 1947 600 2011 alibi
620 1967 706 2010 nono
728 1946 854 2010 sacculo
870 1947 918 2028 (in
934 1948 1014 2010 Lex.
1032 1949 1150 2011 cambr.
1169 1949 1230 2011 sub
1247 1950 1315 2011 fine
1330 1945 1437 2032 praei.)-

373 2057 402 2122 Ε
417 2053 555 2119 carmine
570 2053 605 2116 in
619 2053 717 2116 deum
732 2051 777 2116 ibi
792 2053 885 2116 obvio
897 2053 1038 2138 (Myvyr.
1053 2054 1215 2118 Archaiol.
1229 2077 1262 2139 p.
1280 2058 1357 2137 575)
1368 2072 1439 2116 sumo
1479 2075 1480 2084 ¹

291 2164 390 2250 partis
405 2159 587 2248 posterioris
602 2180 713 2223 versus
728 2157 786 2222 hos
802 2157 871 2222 sine
886 2158 1090 2222 distinctione
1105 2159 1151 2224 ita
1164 2159 1317 2244 scriptos:

373 2267 578 2333 Arduireoue
598 2266 665 2328 dev.
682 2263 753 2350 yssi
772 2285 814 2328 en
835 2287 856 2328 a
879 2265 951 2328 deu.
968 2265 1038 2350 yssi
1058 2265 1103 2330 ιη’
1123 2265 1183 2350 Jeep
1202 2287 1251 2329 ee.
1269 2266 1332 2350 hep
1345 2266 1438 2348 tany

289 2376 410 2442 amico.
435 2370 581 2436 ownaetti
595 2368 711 2456 fluitis
731 2369 828 2454 asreu
848 2369 939 2455 afop.
964 2355 1155 2456 omrtffreuJ
1188 2374 1271 2436 Duo
1290 2397 1313 2458 y
1334 2369 1439 2436 σηπίη

290 2485 363 2547 deu.
381 2479 528 2567 duyuoal
546 2501 567 2564 y
590 2475 731 2562 kyffreu.
756 2477 822 2540 dua
835 2499 857 2562 y
872 2499 941 2540 eno.
964 2476 999 2541 in
1014 2476 1060 2541 tri
1073 2479 1275 2565 duyuuaulp
1290 2479 1369 2544 mni.
1391 2477 1441 2540 due

240 2607 243 2615 ·
288 2613 309 2676 y
332 2611 392 2652 ena
412 2587 447 2651 in
467 2608 519 2650 aa.
539 2582 683 2649 duuvcul
694 2603 732 2645 ao
747 2581 889 2647 aneton.
906 2585 1132 2670 Ardupreoae.
1149 2606 1201 2648 on.
1219 2585 1270 2671 iay
1283 2587 1343 2650 deu
1353 2608 1388 2648 oe
1397 2605 1439 2647 ar.

290 2695 350 2760 issi
370 2692 415 2760 tri
434 2713 551 2757 arnan.
570 2689 630 2754 issi
648 2690 715 2752 due
734 2711 757 2774 y
778 2687 856 2752 hun.
888 2689 1039 2753 Annaeth
1055 2689 1184 2755 maurtb
1198 2691 1301 2756 aller.
1319 2687 1444 2755 amared

290 2801 385 2864 abun.
411 2819 449 2862 ae
469 2805 527 2862 not
548 2797 694 2881 kyuorm
717 2794 772 2858 bas
795 2815 834 2858 ac
855 2803 985 2860 onoma.
1017 2796 1169 2861 Aunocth
1192 2797 1272 2862 caim
1295 2821 1333 2862 ac
1352 2813 1439 2860 oenc

291 2905 367 2970 hercl
386 2929 406 2969 a
428 2903 516 2967 lloer.
534 2899 670 2986 allyttir
689 2899 794 2984 apouir
808 2901 925 2988 offlam
940 2899 985 2966 im
994 2902 1127 2986 pabuir.
1144 2903 1258 2968 merck
1273 2904 1308 2969 in
1321 2901 1438 2968 assub

291 3013 375 3076 abun
391 3010 494 3095 hyper
509 3007 595 3072 hair.
613 3005 827 3092 alloscipimp
842 3006 920 3071 kacr
936 3016 986 3094 otp
1002 3007 1070 3072 aeti
1082 3007 1151 3072 wir.

377 3128 442 3197 Qui
465 3137 541 3192 sunt
563 3125 711 3190 membris
730 3127 907 3190 secundum
922 3126 1119 3192 hibernicam
1134 3127 1367 3194 distinctionem
1380 3147 1440 3190 con·

293 3235 453 3320 tropositis
463 3257 470 3297 ι

523 3380 703 3439 Arduircaue
719 3375 793 3462 [deu
810 3373 821 3462 ss
837 3379 941 3437 isaiam
955 3399 974 3436 α
990 3375 994 3462 ι
1008 3379 1066 3438 deu

520 3479 722 3563 peritriikep
737 3501 775 3538 eu
791 3475 801 3563 [Ι
820 3477 890 3562 ,hep
908 3477 1150 3562 {houtyamheu

524 3586 653 3643 awnoetk
670 3579 783 3666 {suaith
798 3603 816 3640 a
826 3579 907 3664 ifreu
923 3577 933 3666 Ι]
950 3579 1040 3664 aisop
1055 3583 1208 3662 amreffieu

526 3683 530 3766 i
545 3687 637 3766 duay
653 3707 704 3745 eno
719 3685 750 3744 in
767 3687 843 3766 idea
859 3681 869 3768 ii
888 3681 1069 3769 iduyuauiy
1085 3687 1200 3764 kyffreu

527 3787 530 3870 i
544 3791 633 3868 duay
649 3809 699 3848 eno
715 3789 746 3846 in
762 3790 798 3846 tri
814 3783 825 3872 fl
844 3783 1014 3870 idupuucal
1021 3811 1044 3866 y
1060 3787 1121 3846 inni

526 3887 530 3972 i
543 3891 637 3969 duay
652 3911 706 3950 mu
720 3889 751 3949 in
765 3885 834 3972 unu
858 3889 1005 3972 iduuvaul
1016 3911 1050 3948 ac
1064 3891 1174 3949 arrian.
1225 3903 1229 3910 '

525 3993 714 4070 Arduyreaue
728 4013 770 4051 un
785 3987 796 4076 fl
813 3993 865 4051 isai
876 3994 931 4052 deu
946 4013 980 4052 ao
994 4013 1036 4052 un

526 4095 579 4154 irai
592 4095 633 4152 tri
645 4115 740 4154 amun
756 4089 767 4176 ss
783 4095 836 4154 irai
848 4096 940 4173 duay
955 4095 1027 4152 hun.

524 4198 665 4256 Amen
682 4193 815 4278 imoarth
830 4197 914 4256 aliun
930 4191 941 4280 ΙΙ
957 4193 1096 4278 almarrul
1107 4195 1185 4256 abun

529 4321 562 4358 oe
576 4307 628 4357 not
642 4299 772 4376 kyuonm
789 4288 800 4382 ss
817 4299 866 4358 bor
880 4320 914 4358 ce
928 4308 1047 4358 onobm.

526 4401 666 4460 Aemus
683 4399 753 4458 brim
769 4421 802 4458 ae
817 4421 867 4459 oer
883 4395 894 4484 i
910 4421 928 4458 a
945 4401 1014 4460 deul
1026 4421 1044 4458 a
1060 4401 1133 4459 uoer

524 4525 543 4561 a
560 4503 662 4581 llytdir
677 4503 768 4579 iyeuir
784 4497 795 4585 ΙΙ
811 4523 829 4560 a
836 4505 929 4583 sstam
944 4505 985 4564 im
994 4503 1101 4579 poduir
