2994 5052
315 359 375 422 IV.
394 365 424 420 1.
460 377 740 422 mrnnrmrronss
758 377 975 422 nrsnnmcan.
1167 360 1222 420 711

71 529 127 592 bile
141 529 200 592 hoc
214 527 250 590 in
265 526 323 590 eol
338 527 419 590 non!
443 547 510 590 non
525 537 573 590 est
586 527 747 610 probabile
757 527 794 610 1),
813 526 898 591 imbra
913 525 1055 592 immulsi
1068 527 1108 590 do
1122 547 1228 590 occar-

73 633 211 698 narsico
225 641 257 697 et
275 633 509 696 occamdr'assm
529 636 603 696 siaa
617 633 693 696 naba
707 632 771 697 laed
782 633 849 696 nabi
860 655 985 696 orsarcc
1003 633 1063 696 less
1080 631 1137 714 (gl.
1156 631 1227 714 quis

71 739 180 822 estqui
194 737 403 803 condemnet?
422 737 519 801 simul
533 749 641 802 autem
654 739 676 801 J
678 760 750 802 esus
765 738 912 803 Christus
928 737 984 821 qui
998 749 1143 802 mortuus
1158 737 1227 800 esti

70 846 156 908 Rom.
175 851 205 921 8,
227 851 265 906 34
273 867 284 919 ;
302 843 324 906 i.
342 865 371 906 e.
393 865 474 906 num
496 844 592 908 simul
612 855 660 908 ast
680 844 838 908 redimens
859 865 917 908 nos
939 853 972 908 et
992 841 1227 908 condemnans?

69 951 143 1014 uon!
162 973 228 1014 non
244 960 293 1014 est
308 949 370 1012 ita!
388 971 454 1012 non
470 949 497 1012 is
509 949 539 1012 ei
550 959 598 1014 est
609 972 696 1014 amor
706 950 821 1034 nostri)
834 947 878 1012 41.
897 949 1024 1014 ludoich
1036 949 1092 1013 bid
1102 948 1228 1032 indirpe

70 1057 157 1120 oda
166 1056 266 1121 iasab.
278 1065 351 1119 nats
360 1055 399 1118 ni
406 1055 489 1120 aldio
497 1056 555 1138 (gl.
567 1057 723 1140 numquid
736 1055 887 1140 iniquitas
900 1057 985 1139 apud
996 1055 1111 1120 deum?
1124 1055 1223 1118 absit!

68 1163 154 1225 Rom.
170 1169 201 1239 9,
220 1166 273 1244 11)
286 1167 328 1224 11.
347 1161 422 1224 cani
441 1161 512 1244 φά·
525 1163 599 1225 aaa
613 1161 714 1226 atbair
730 1162 788 1246 (gl.
802 1183 845 1226 an
860 1173 892 1224 et
907 1163 958 1226 lex
975 1163 1035 1227 hoc
1049 1186 1115 1228 non
1130 1165 1226 1230 dicit?

68 1267 213 1351 scriptum
235 1279 285 1331 est
305 1267 392 1330 enim
406 1277 480 1344 etc,
501 1274 530 1330 1.
548 1267 622 1331 Cor.
642 1274 672 1344 9,
691 1275 729 1344 9;
754 1266 777 1331 i.
795 1291 823 1332 e.
842 1289 921 1332 num
943 1292 1009 1334 uon
1024 1272 1122 1337 dicit?
1140 1277 1222 1340 non!
1287 1319 1291 1328 «

68 1373 148 1454 dicit)
167 1369 232 1436 101.
258 1372 470 1436 ἰποοωναιηηὶ
486 1420 493 1434 .
511 1374 550 1436 ni
567 1373 786 1438 concluseram
810 1374 867 1460 (gl.
886 1375 989 1457 legem
1011 1379 1225 1446 decurrimus?

67 1479 155 1542 absit!
173 1479 272 1542 Rom.
293 1485 322 1554 ³,
340 1479 397 1559 31)
414 1473 457 1540 21.

142 1585 220 1647 Non
239 1593 345 1646 mmen
368 1581 442 1645 inde
463 1583 579 1666 poterit
593 1584 755 1659 affirmari,
772 1585 909 1650 defuisse
925 1587 959 1651 in
974 1587 1086 1672 lingua
1100 1601 1226 1658 vetusta

67 1688 222 1752 hibernica
243 1687 414 1772 particulas
435 1691 647 1772 respondendi
668 1691 854 1774 peculiares,
872 1705 909 1756 ut
929 1707 1006 1758 sunt
1028 1695 1062 1760 in
1077 1697 1148 1761 aliis
1163 1699 1224 1764 lin·

64 1793 140 1876 guis.
163 1795 252 1858 Nam
267 1793 412 1876 quamvis
426 1815 493 1857 non
507 1807 658 1878 appareat
671 1795 826 1878 particula
838 1800 1051 1884 responsionis
1063 1803 1224 1869 affirmans

64 1898 94 1962 iu
120 1900 282 1962 codicibus
306 1899 441 1976 nostris,
469 1912 600 1984 apparet
626 1911 731 1964 tamen
758 1903 913 1986 particula
939 1927 1059 1990 negans
1086 1910 1223 1976 Nalcc

65 2006 169 2086 (germ
186 2005 298 2088 naar)
314 2004 349 2066 in
366 2005 441 2067 Wb.
461 2003 504 2081 2¹¹,
523 2005 667 2088 glossam
689 2008 745 2072 lat.
763 2014 848 2072 aon!
870 2009 905 2072 in
927 2011 995 2076 loco
1016 2014 1168 2098 epistolae
1182 2020 1222 2082 ad

64 2111 151 2172 Rom.
172 2117 202 2186 3,
222 2114 279 2172 27:
302 2103 383 2172 “ubi
404 2121 453 2172 est
473 2111 619 2194 gloriatio
641 2113 714 2176 tual
737 2115 866 2178 exclusa
886 2127 945 2178 est.
979 2119 1041 2182 Per
1062 2123 1222 2208 qnsmlle·

63 2214 148 2296 gem?
169 2215 345 2278 factorum?
368 2207 479 2280 non!”
509 2217 586 2281 Non
606 2217 711 2282 differt
732 2221 843 2302 procul
866 2222 963 2286 dnbio
977 2223 1096 2292 NACC
1112 2227 1146 2292 in
1161 2229 1221 2294 for-

63 2320 143 2383 mula
153 2321 222 2405 jam
238 2323 553 2406 memoratafanacc.

322 2560 365 2622 D.
402 2561 645 2627 Particulas
667 2565 954 2639 exclamantes.

141 2743 322 2806 Particulae
337 2746 518 2829 appellandi
530 2747 580 2812 vel
591 2750 801 2828 exclamandi,
816 2775 894 2835 quas
906 2753 1019 2820 dicunt
1030 2755 1219 2841 interjectio-

62 2868 124 2926 nes,
140 2862 312 2912 omunnnt
333 2853 488 2934 quaedam
510 2853 545 2916 in
561 2854 721 2919 codicibus
736 2855 917 2921 hibernicis.
950 2861 1158 2944 Frequentior
1170 2878 1221 2934 est

62 2974 90 3026 o,
113 2955 143 3030 ἁ,
168 2953 211 3016 ba
232 2955 302 3034 (lat.
321 2957 391 3038 ol),
415 2959 588 3041 praemissa
609 2960 752 3026 vocativo
769 2965 930 3048 (exempla
950 2965 985 3028 in
1007 2968 1219 3036 declinatione

62 3057 218 3141 nominis).
250 3061 292 3122 In
308 3061 383 3144 Sg.:
407 3065 546 3147 upplgl.
564 3065 605 3143 si,
623 3066 738 3151 Virgil.
755 3090 808 3152 ap.
828 3070 928 3134 Prisc.
949 3079 977 3148 7,
997 3076 1030 3154 5)
1051 3073 1134 3138 1201.
1158 3078 1219 3142 sch

62 3163 207 3227 mcdlscb
227 3187 249 3228 a
268 3165 339 3228 ndr'b
361 3166 454 3252 inpos
477 3171 548 3250 (vae
567 3182 678 3253 pectus
698 3195 817 3252 meum,
840 3197 859 3239 o
881 3198 969 3242 sacra
984 3178 1088 3262 virgo!
1113 3181 1219 3264 glossa

61 3269 235 3351 marginalis
250 3271 411 3354 scriptoris
424 3274 556 3357 codicis)
572 3280 657 3340 211⁸.
685 3279 802 3342 Nescio
817 3303 859 3344 an
874 3281 915 3346 sit
930 3283 1027 3348 etiam
1041 3283 1219 3370 interjectio

62 3369 93 3433 iu
111 3374 213 3456 glossa
232 3375 309 3438 item
330 3377 515 3460 marginali:
541 3381 590 3445 ait
610 3383 755 3446 machrob
772 3385 828 3468 Sg.
850 3385 923 3448 1761
945 3387 979 3452 in
1000 3389 1131 3455 dextera
1150 3393 1217 3456 folii

63 3491 154 3556 parte,
171 3479 206 3542 in
228 3481 319 3564 cujus
341 3493 431 3565 parte
449 3485 579 3550 sinistra
593 3487 710 3571 legitur
723 3512 788 3554 sca.
807 3491 887 3576 briq.
906 3497 1031 3574 (sancta
1045 3498 1182 3582 Brigitta
1193 3501 1216 3582 1)

541 3729 727 3739 -.--.

258 3943 313 4012 11.
369 3941 650 4019 Particulae
684 3949 1002 4026 britannicae.

481 4145 521 4207 Α.
559 4146 800 4232 Negantes.⁴

141 4329 167 4384 1.
191 4326 404 4392 Cambrica
425 4331 582 4412 particula
600 4333 749 4416 negativa
769 4335 905 4420 simplex
926 4338 1071 4403 absoluta
1086 4355 1135 4405 est
1151 4345 1181 4407 N
1186 4347 1213 4422 l,

63 4421 137 4489 NY:
153 4428 188 4492 ai
198 4431 267 4495 ocia
275 4433 535 4516 ywdeimisaucd
548 4437 605 4520 (gl.
620 4460 685 4502 non
697 4439 777 4504 bene
788 4459 892 4524 passa,
907 4446 1035 4524 manus)
1047 4446 1092 4528 31.
1108 4448 1213 4511 Onon.
