2978 5054
283 313 346 376 928
446 373 449 380 ,
497 311 557 375 VI.
578 315 608 374 2.
640 330 863 375 correraucrro
878 329 1017 376 roseros
1032 329 1232 374 uincamus.

368 481 408 543 ln
434 491 611 564 postremae
635 477 796 564 prooemio
821 479 1001 544 incantator
1025 477 1061 542 in
1086 479 1179 564 plura
1203 476 1289 544 mala
1314 474 1427 553 invehit,

282 607 418 670 quorum
432 585 564 650 nomina
577 586 647 670 ipsa
661 607 728 650 non
743 585 812 650 sine
827 585 1010 648 assonantia
1023 606 1092 648 esse
1106 585 1273 648 videntur:
1292 604 1332 646 ar
1345 582 1431 665 ditae

283 693 332 775 (in
353 691 519 775 phthisin?
540 691 581 754 cf.
598 691 681 776 gael.
699 683 876 776 reonchlt,
900 711 1102 768 marcescere,
1123 689 1334 752 macilentum
1354 687 1428 770 fieri),

282 819 322 860 ar
338 796 522 882 pothsrinp,
541 819 581 861 ar
599 797 603 882 Ι
624 806 672 862 att
692 795 840 874 de'chinn,
865 818 906 861 ar
925 796 929 884 Ι
939 796 1046 882 saitit
1065 794 1194 872 decim,
1212 815 1252 858 ar
1271 793 1275 880 Ι
1295 794 1335 858 al
1352 794 1431 856 orm

283 911 362 978 terte,
381 923 420 964 ar
439 900 443 988 Ι
463 901 503 964 ab
520 901 623 966 kr’thes
639 904 688 979 cd,
706 901 797 986 cujus
811 914 971 986 postrema
985 923 1048 965 vox
1062 904 1100 966 cu'
1115 899 1253 984 amplius
1269 898 1432 964 asserentia

281 1007 372 1070 finali
382 1007 498 1090 juncta
512 1017 561 1070 est
575 1007 722 1090 sequenti
736 1029 793 1090 rop
805 1009 925 1074 ocabrd
937 1007 993 1090 (sit
1004 1029 1125 1084 eorum,
1139 1006 1311 1083 malorum,
1326 1005 1431 1088 maglo

282 1112 414 1176 meratio
430 1133 511 1196 quae
527 1120 602 1188 etc,
617 1112 657 1174 ob
671 1111 805 1176 sormam
817 1113 982 1178 relativam
993 1111 1156 1196 sequentis
1167 1111 1276 1176 crinas
1283 1138 1298 1186 ,·
1316 1110 1432 1174 aicadri

282 1229 331 1282 est
351 1238 408 1302 pro
432 1217 537 1293 ochra,
560 1238 699 1302 compos.
718 1240 792 1282 cum
813 1220 882 1295 dett,
901 1231 1021 1295 venter,
1039 1217 1191 1302 glomus).
1224 1217 1325 1284 Quod
1344 1229 1432 1280 autem

281 1335 355 1408 post
365 1321 615 1386 incantationem
627 1331 727 1387 totam
738 1323 854 1387 minori
865 1323 1033 1407 scriptura,
1047 1321 1191 1406 ejusdem
1203 1333 1315 1386 tamen
1325 1321 1430 1398 oeteis,

281 1428 420 1504 additur,
437 1426 559 1489 indicat
573 1426 756 1510 proximum
775 1429 951 1494 remedium
970 1450 1028 1512 pro
1048 1429 1180 1492 vulnere
1195 1427 1381 1510 labiorum(
1423 1457 1432 1470 ·

281 1553 406 1596 neceam
429 1531 571 1596 dodamin
591 1532 738 1608 attalaia·
763 1555 838 1604 mox
859 1534 922 1611 lat,
948 1533 1073 1604 hibern.
1098 1532 1173 1596 hod.
1195 1533 1281 1616 guel.
1301 1534 1360 1610 lot,
1379 1531 1433 1596 vul·

281 1639 369 1720 nus).
401 1637 478 1699 Non
500 1647 607 1701 tamen
630 1637 683 1701 hic
703 1639 901 1722 prooemium
924 1651 990 1704 tam
1006 1639 1114 1704 stricto
1128 1639 1223 1704 modo
1239 1639 1433 1722 separandum

280 1753 339 1820 est,
358 1752 396 1804 ut
410 1741 445 1804 in
456 1753 530 1806 ante
542 1743 627 1806 dicta
638 1743 866 1822 irrcantatione,
880 1745 919 1808 ob
931 1744 1067 1827 primam
1078 1766 1246 1828 personam
1257 1745 1355 1829 primi
1365 1742 1434 1808 verbi

282 1857 421 1922 masura·
441 1847 546 1932 pergit
567 1849 654 1911 enim
674 1848 824 1933 deinceps
844 1849 1025 1914 incantator
1038 1851 1073 1912 in
1087 1850 1191 1934 prima
1204 1850 1304 1914 etiam
1318 1869 1434 1934 persam

281 1952 426 2035 loquens,
446 1964 482 2017 ut
504 1953 634 2036 incepit,
652 1976 708 2038 per
729 1955 895 2038 sequentia
910 1955 1038 2038 (henim,
1059 1955 1259 2039 admuinttr).
1294 1955 1355 2020 Fet
1374 1953 1434 2019 satis

281 2069 390 2142 aperta
405 2058 440 2120 in
455 2058 661 2140 sequentibus
676 2061 876 2126 assonantia:

366 2223 418 2276 rop
444 2197 570 2284 olcubra'
592 2197 597 2282 Ι
614 2203 708 2262 orcitus
725 2198 730 2286 Ι
748 2213 824 2262 tcoro
839 2201 844 2286 Ι
861 2225 927 2262 crece
943 2199 953 2287 ΙΙ
971 2203 976 2284 Ι
993 2213 1065 2264 crete
1080 2201 1085 2287 Ι
1103 2213 1180 2264 tcora
1196 2203 1201 2286 Ι
1208 2207 1297 2284 sethi
1312 2203 1315 2286 Ι
1324 2205 1409 2282 fielte
1421 2212 1430 2277 Ι

282 2301 374 2360 batim
395 2305 497 2378 aqaar
519 2325 553 2362 ar
572 2303 577 2382 Ι
588 2307 673 2382 flach
693 2299 698 2388 Ι
709 2306 790 2385 scili
804 2300 815 2387 ΙΙ
829 2307 892 2383 quil
904 2307 971 2385 suil
986 2307 1019 2364 oi
1037 2301 1042 2388 Ι
1060 2308 1159 2366 radat!
1177 2303 1181 2390 Ι
1201 2314 1247 2366 rte
1262 2303 1274 2389 Ι
1290 2329 1343 2382 rop
1363 2303 1434 2386 laida

272 2399 406 2484 scritate
421 2397 432 2486 ΙΙ
449 2402 626 2486 adlrnuioar
640 2407 671 2466 in
690 2407 695 2486 Ι
714 2408 968 2486 cldnt‘cidforacab
983 2409 1131 2468 diaocecltt
1153 2409 1324 2488 lialmuntir
1341 2405 1351 2491 Ι
1367 2428 1434 2482 tervp

280 2513 285 2586 Ι
302 2505 367 2563 alda
382 2504 581 2585 anisorltate.

368 2658 453 2721 Sunt
474 2657 552 2721 haec
573 2681 647 2723 cum
669 2661 851 2726 assonantia
873 2662 1001 2747 quidem
1024 2683 1215 2746 quacunque
1234 2663 1369 2748 prolata,
1392 2661 1435 2724 sed

282 2762 350 2826 siue
371 2773 472 2826 metro
494 2763 554 2845 (ita
568 2776 641 2830 utar
663 2766 722 2830 hac
742 2788 818 2830 voce
839 2767 990 2852 deinceps
1012 2767 1135 2851 etiam),
1152 2767 1261 2846 idest,
1280 2769 1434 2832 sinecerta

281 2869 516 2932 constructione
531 2893 639 2936 versus
656 2873 706 2935 vel
721 2873 880 2937 carminis.

367 2977 463 3038 Hanc
486 2987 593 3040 tamen
615 2978 883 3044 constructionem
904 2977 939 3041 in
961 2977 1073 3062 lingua
1094 2978 1267 3042 vernacula
1288 2977 1433 3062 cognitam

281 3081 436 3144 Hibernis
459 3081 593 3146 vetustis
609 3081 678 3166 jam
692 3083 784 3147 facile
799 3084 1006 3168 comprobant
1021 3105 1058 3147 ea
1072 3091 1153 3168 quac
1168 3085 1285 3172 addam
1300 3085 1352 3147 hic
1365 3105 1382 3146 e
1393 3102 1434 3144 co

281 3188 350 3250 dice
363 3187 518 3251 Prisciani
535 3187 747 3272 sangallensi,
761 3189 878 3273 scripta
893 3190 928 3252 in
943 3189 1037 3252 variis
1052 3189 1130 3252 locis
1145 3189 1180 3252 in
1195 3190 1341 3274 margine
1350 3187 1433 3268 majo

280 3292 367 3356 ribus
382 3293 483 3357 literis
499 3315 595 3377 quam
611 3305 687 3358 sunt
698 3293 807 3358 literae
818 3295 1006 3378 glossarum,
1021 3294 1165 3379 quamvis
1177 3317 1243 3359 non
1256 3295 1323 3360 sint
1333 3293 1434 3377 scripu

281 3399 314 3461 in
331 3398 423 3462 solita
437 3420 586 3462 versuum
602 3400 817 3464 collocatione.

367 3505 407 3567 In
420 3504 579 3588 superiora
590 3505 733 3589 margine
745 3505 879 3590 paginae
895 3511 953 3568 112
966 3507 1029 3569 late
1040 3527 1097 3590 per
1108 3529 1179 3569 eam
1190 3507 1342 3591 leguntur
1349 3507 1431 3568 haec:

281 3609 426 3673 ISoclter
447 3609 571 3694 inqda'tlt
586 3611 1045 3697 iaooclttsufuacaasaa‘rooe*
1059 3603 1197 3698 cindsolt
1210 3613 1249 3676 ni
1262 3617 1338 3698 dpcr
1351 3609 1434 3674 reiffe-

280 3736 371 3778 mora
385 3714 472 3778 mian
491 3717 832 3782 dondloecltrat'dlaiao
848 3717 953 3782 oalctlt
970 3717 1050 3782 lind.

366 3823 408 3884 In
423 3821 570 3885 inferiore
585 3823 727 3906 margine
741 3847 774 3908 p.
791 3829 851 3886 203
867 3845 924 3907 per
935 3821 1085 3906 paginam
1096 3845 1224 3887 omnem
1236 3824 1329 3889 item:
1343 3825 1435 3887 Dcat·

271 3927 552 4013 sarcaiſsddoidoe
561 3929 795 4013 fa'elsomcdae'o
808 3929 875 3993 lo't'd
886 3929 954 3994 lain
967 3929 1047 3994 laad
1055 3931 1124 3993 aad
1132 3929 1182 3994 ce'l
1190 3929 1273 3994 haas
1281 3929 1434 3994 moretm

271 4119 303 4128 ιιι-
320 4119 409 4126 ,-..----.-
417 4120 438 4125 --
448 4119 478 4126 ..-

348 4233 361 4260 ⁸
378 4231 412 4284 ln
429 4231 501 4285 linea
518 4232 648 4302 scriptum
665 4241 706 4286 est
715 4233 825 4302 soircoe,
840 4233 888 4287 aed
906 4251 993 4287 ccum
1013 4241 1114 4304 puncto
1132 4235 1204 4289 inira
1214 4235 1311 4306 scripto
1322 4241 1350 4286 at
1360 4245 1434 4300 cupra

280 4316 388 4386 scriptis
405 4317 696 4389 99(cl.p.71,not.).
722 4319 756 4372 lu
774 4319 863 4372 oalotd
880 4336 962 4390 supra
982 4319 1095 4389 primam
1113 4338 1129 4372 o
1147 4320 1248 4374 lineola
1261 4313 1434 4374 samuotundt

280 4400 453 4470 conspicitur,
469 4419 522 4470 qua
534 4411 600 4471 puto
613 4402 757 4458 indicatam
770 4421 828 4457 esse
840 4423 863 4468 o,
878 4423 911 4457 oa
922 4393 1150 4474 praepositionem
1162 4413 1338 4460 trarmeuntem
1351 4401 1380 4454 in
1393 4417 1431 4452 aa.
