2978 5054
289 351 352 414 908
463 351 524 414 VI.
546 360 574 414 1.
604 371 826 416 cousvuuomo
842 371 1052 416 rnouounrrs
1068 373 1277 417 aninsuvrcr.

282 519 427 602 pluralis,
444 521 596 604 legunmr
610 521 694 586 inter
710 520 865 605 adjectiva
879 521 1042 586 cumulata
1056 533 1129 605 post
1143 523 1340 587 substantiva
1352 545 1433 607 supra

282 637 457 690 memorata
471 630 517 711 (p.
538 631 625 710 963).

370 733 402 794 d.
428 733 714 798 Numeralium
736 733 981 798 constructionis
997 743 1030 798 et
1044 755 1121 798 usus
1136 734 1264 816 propria
1279 755 1384 798 eorum
1392 757 1434 798 ex·

282 836 434 919 positioni
453 837 514 921 ipsi
532 837 602 921 jam
617 860 713 922 supra
727 841 901 923 praemissa
916 851 993 904 sunt
1008 845 1055 924 (p.
1075 844 1162 922 321),
1180 839 1282 904 velia
1296 841 1393 924 capita
1404 841 1435 903 dc

282 942 520 1025 compositione,
539 944 631 1028 cujus
646 945 780 1010 sormam
795 947 927 1012 induere
943 959 1063 1023 amant,
1082 945 1199 1010 tradita
1213 949 1260 1030 (p.
1281 951 1368 1030 864).

368 1072 395 1112 e.
422 1051 713 1116 Pronominum
735 1054 980 1118 constructionis
1002 1053 1129 1136 propria
1148 1054 1306 1135 quaedam
1320 1053 1436 1116 ‹ambri-

282 1175 337 1218 cae
358 1154 489 1239 linguae
510 1167 542 1220 et
561 1157 726 1241 incognita
747 1158 817 1222 aliis
839 1159 916 1222 item
927 1159 996 1242 jam
1011 1158 1172 1243 proposita
1186 1169 1275 1234 sunt,
1294 1181 1323 1222 e.
1339 1181 1384 1242 gr.
1398 1181 1436 1222 re

281 1259 358 1324 latio
376 1261 555 1346 significata
570 1267 616 1346 (p.
637 1267 725 1346 397),
742 1264 1153 1347 possessivum‘absolutum
1168 1264 1382 1348 significatum
1394 1285 1436 1326 vo

282 1365 371 1430 cibus
387 1367 441 1430 eid
453 1379 485 1432 et
499 1369 551 1432 cia
567 1375 613 1452 (p.
634 1376 706 1432 392.
727 1375 815 1452 393).

367 1475 570 1538 Pronominis
591 1476 833 1540 demonstrativi
854 1475 1099 1559 distinguuntur
1120 1477 1227 1540 adbuc
1247 1477 1308 1540 tria
1322 1497 1435 1560 genem,

282 1601 379 1642 masc.
397 1579 482 1658 hwa,
501 1581 624 1645 hwncw
647 1604 721 1645 cum
742 1582 940 1659 masculinis,
958 1583 1032 1645 fem.
1058 1581 1132 1659 hon,
1151 1581 1255 1646 tonna
1274 1605 1349 1646 curn
1363 1581 1437 1644 lemi-

281 1684 368 1748 ninis
391 1687 599 1750 substantivis
614 1698 845 1764 constructum,
864 1687 941 1772 Ityn,
960 1689 1068 1772 hynny
1083 1689 1152 1751 sinc
1168 1688 1369 1752 substantivo
1381 1689 1437 1750 loto

280 1791 425 1854 neutrius
447 1793 612 1856 abstracti:
634 1793 717 1877 ywt'r
730 1816 781 1879 yw
797 1794 905 1879 bynny
922 1801 1046 1876 (verum
1061 1805 1109 1858 est
1123 1795 1197 1876 hoc)
1215 1795 1305 1857 Mab.
1326 1803 1354 1872 1,
1372 1801 1435 1856 266.

281 1895 391 1979 Hujus
413 1898 482 1961 loco
502 1898 537 1962 in
559 1897 713 1962 hodierna
734 1899 846 1982 lingua
866 1899 1002 1962 occurrit
1021 1899 1058 1962 la·
1072 1900 1242 1983 (Spurrell.
1264 1921 1395 1983 gramm.
1409 1921 1435 1982 p.

282 2006 352 2084 62):
378 2025 399 2086 y
423 2024 493 2067 maa
513 2003 550 2068 la·
569 2027 613 2089 yn
636 2005 858 2089 bwrwywlow
874 2005 989 2088 (pluit;
1007 2007 1211 2068 adverbum:
1236 2017 1286 2069 cst
1300 2006 1334 2068 id
1348 2005 1437 2070 ferens

280 2107 448 2190 pluviam),
466 2131 536 2174 mcc
557 2109 594 2174 ltc'
605 2133 649 2194 yn
671 2111 793 2195 dywyll
805 2115 867 2193 (est
882 2113 1077 2193 obscurum).
1110 2111 1251 2175 Nonnisi
1266 2125 1438 2196 corruptum

280 2212 406 2276 videtur
421 2214 480 2278 hoc
496 2237 536 2279 ex
550 2215 627 2300 hyn.

365 2320 544 2404 Separatim
564 2320 661 2404 positi
682 2344 701 2384 a
723 2321 924 2385 substantivo
945 2343 1003 2386 suo
1025 2323 1269 2386 demonstrativi
1290 2335 1341 2387 est
1354 2323 1437 2386 etism

278 2411 488 2509 congruentia
508 2427 544 2489 in
565 2447 692 2510 genere,
711 2437 748 2490 ut
769 2427 804 2489 in
823 2427 986 2492 hibernica
1000 2428 1128 2510 lingua:
1147 2449 1196 2513 py
1209 2430 1438 2515 yynmcaysyc

278 2529 374 2594 bwan
390 2531 459 2615 (qui
481 2533 639 2600 tumultus
661 2543 711 2596 est
731 2532 817 2615 hiel)
837 2539 865 2608 1,
886 2539 959 2596 290.
977 2555 1025 2618 py
1048 2555 1116 2618 ryw
1137 2555 1239 2598 ormes
1261 2558 1312 2620 yso
1328 2537 1439 2600 trenas

279 2637 378 2718 (quod
399 2659 501 2720 genus
517 2637 687 2702 infortunii
701 2648 750 2701 est
765 2638 844 2702 hoel
864 2661 933 2723 ryw
947 2661 1059 2716 masc„
1074 2659 1199 2722 yonnae
1214 2640 1307 2722 lem.)
1327 2649 1356 2718 1,
1374 2645 1435 2702 191.

279 2741 372 2806 niacr
394 2743 553 2829 kykardet
571 2767 592 2808 α
614 2745 739 2808 lwanw
755 2743 861 2828 (copia
883 2766 982 2828 aeque
1003 2744 1101 2809 comis
1122 2747 1328 2828 atquehaec)
1348 2753 1435 2823 1,16.

218 2907 221 2914 .
284 2855 333 2912 17.
351 2849 433 2913 kerd
446 2851 557 2936 kystcl
568 2873 589 2914 o
604 2850 706 2916 Ιιοηηο
722 2853 850 2932 (cantus
865 2871 965 2934 aeque
981 2850 1084 2914 dulcis
1099 2863 1195 2934 atque
1210 2851 1278 2934 hic)
1296 2858 1326 2929 1,
1346 2859 1376 2914 9.

591 3095 620 3151 3.
647 3089 822 3153 Verbum
844 3099 1137 3153 constructum.

365 3275 570 3342 Constructio
584 3275 672 3340 verbi
687 3275 907 3358 impersonalis
922 3276 972 3339 vel
988 3275 1098 3338 tertiae
1113 3295 1267 3358 personae
1279 3271 1437 3358 singularis

279 3383 394 3467 positio
408 3405 466 3467 pro
481 3381 552 3446 aliis
567 3381 602 3446 in
618 3381 720 3445 activo
736 3383 881 3446 noudum
895 3384 1046 3465 adoptata
1060 3391 1109 3444 cst
1123 3403 1142 3444 a
1157 3379 1270 3463 lingua
1281 3380 1434 3444 sambrico.

279 3490 365 3553 Sunt
387 3499 493 3552 tamen
514 3489 680 3571 quaedam,
699 3487 733 3550 in
754 3487 869 3571 quibus
892 3487 1061 3574 peculiaris
1083 3487 1136 3552 hic
1151 3487 1240 3550 verbi
1255 3487 1359 3550 celtici
1372 3505 1438 3548 usus

279 3595 376 3659 etiam
391 3595 425 3658 in
447 3595 550 3658 activo
569 3593 726 3657 cambrico
745 3595 801 3656 vix
823 3593 966 3677 dignosci
987 3605 1108 3677 potest:
1132 3615 1239 3679 yoayn
1265 3593 1349 3656 idme
1363 3587 1442 3672 coes

275 3701 401 3786 yyctcs
407 3701 498 3764 bioed
505 3723 526 3785 y
540 3701 601 3784 llys
612 3700 659 3784 yd
669 3700 728 3763 ocd
736 3701 827 3784 yndi.
838 3701 885 3764 mi
893 3699 1012 3786 yaywir
1024 3699 1081 3764 heb
1093 3700 1177 3783 efae
1187 3693 1438 3765 tadetucdaai

280 3806 385 3872 dieiuu
400 3829 422 3892 y
437 3807 531 3870 diaco
546 3829 585 3869 αν
600 3805 714 3868 castell
726 3827 747 3868 a
758 3805 877 3870 welct'st
889 3806 914 3870 a·
925 3809 1087 3890 (quaerere
1099 3805 1204 3889 coepit
1215 3827 1255 3867 ex
1267 3825 1317 3880 co,
1329 3802 1438 3885 scipsa

278 3914 419 3998 primum
430 3911 604 3998 possederit
615 3911 721 3976 aulam
734 3912 768 3974 in
777 3934 840 3995 qua
848 3924 941 3976 esset.
963 3913 1032 3995 Ego
1039 3933 1158 3988 revera,
1168 3909 1287 3994 inquit,
1298 3931 1366 3974 eam
1374 3928 1436 3970 con·

279 4021 383 4084 struxi
393 4031 426 4084 et
437 4041 496 4103 ego
506 4017 632 4104 possedi
644 4018 798 4101 oppidum
810 4029 842 4081 et
853 4018 1020 4082 castellum
1031 4018 1116 4101 quod
1128 4016 1251 4098 vidisti)
1265 4023 1295 4092 2,
1310 4023 1357 4078 11.
1382 4011 1437 4075 Hie

279 4127 326 4192 mi
336 4149 374 4191 cc
385 4125 577 4200 badeilcwd
590 4123 638 4188 mi
648 4123 753 4188 bisico
764 4124 814 4186 vol
826 4123 902 4187 mia
914 4123 1021 4188 biea'au
1032 4125 1143 4188 eodem
1153 4123 1249 4186 modo
1260 4131 1435 4186 constuton-

280 4243 343 4308 tur,
357 4241 395 4296 ut
409 4243 458 4295 cst
473 4229 634 4294 hiberniae
648 4229 683 4292 in
700 4231 775 4314 Sg.:
795 4230 873 4294 1111ιὲ
888 4229 1084 4294 ανίάνοσὴεῖἰ
1094 4232 1170 4315 ¹(ego
1185 4227 1219 4290 id
1234 4227 1350 4310 rapui).
1382 4221 1436 4286 llis

278 4337 480 4401 adnumerari
491 4347 626 4420 possunt
638 4358 686 4413 ea,
699 4336 734 4400 in
746 4335 862 4419 quibus
874 4337 1005 4400 verbum
1016 4335 1051 4400 in
1064 4333 1221 4418 singulari
1231 4351 1361 4397 numero
1372 4349 1436 4392 con·
1474 4371 1475 4420 1

279 4453 437 4506 structum
458 4443 620 4508 invenitur
635 4465 710 4506 curn
724 4443 924 4508 substantivo
939 4442 1073 4528 plurali:
1095 4441 1250 4524 ywet'saon
1266 4435 1398 4516 doctW
1405 4453 1436 4494 tt
1473 4445 1475 4574 Ξ
