2978 5054
271 373 334 436 938
485 377 545 440 Vl.
565 381 595 440 2.
628 396 1006 442 eousrcuccroronurcn
1022 399 1220 444 nincnnrcs.

271 542 321 606 Ex
336 564 373 606 eo
395 566 476 627 quae
497 547 621 629 profero
642 548 789 632 exempla
809 549 850 614 ad
870 547 1150 614 demonstrandam
1165 559 1417 614 structuram-rer-

270 671 324 714 sus
339 651 458 716 vetusti
474 651 629 716 hibernici
643 653 678 718 in
694 653 898 738 scriptionem
912 654 1118 718 vetustiorem
1132 655 1280 720 codicum
1293 665 1384 718 muto.

353 757 549 822 Assonantia
570 759 714 836 initialis,
732 759 766 824 in
787 761 899 824 codem
918 781 1012 824 versu
1033 759 1249 844 contraposita
1265 761 1315 824 uel
1328 782 1419 824 conso

270 860 364 939 tiata,
382 866 594 932 communiter
609 865 757 942 occurrit,
770 865 932 930 interdurn
947 887 1003 949 per
1018 866 1098 930 duos
1113 887 1223 930 versus
1237 867 1340 952 pergit
1352 867 1420 950 ejus

269 969 342 1032 dem
359 990 517 1036 consonae
532 972 582 1038 vel
597 972 722 1036 duabus
735 970 883 1036 consonis
898 972 1070 1048 alternans,
1088 971 1251 1036 interdum
1266 973 1422 1056 negligitur

269 1073 400 1138 omnino
414 1075 449 1138 in
464 1097 531 1138 uno
545 1097 649 1140 versu.
683 1075 788 1159 Major
802 1099 879 1140 cura
893 1087 942 1142 cst
962 1077 1069 1142 finalis
1090 1079 1304 1144 resonantiae.
1335 1079 1420 1142 Utin

269 1179 339 1244 aliis
365 1179 461 1246 etiam
486 1181 522 1246 in
543 1181 603 1246 hoe
625 1181 764 1248 carmine
785 1183 881 1266 plena
903 1183 1008 1248 finalis
1031 1184 1254 1266 frequentioris
1277 1207 1352 1250 usus
1370 1196 1418 1248 est.

269 1285 492 1370 Monosyllabe
506 1289 605 1354 rarior
619 1299 679 1366 cst,
696 1312 724 1353 e.
741 1311 790 1372 gr.
808 1290 842 1354 in
857 1290 995 1354 disticho
1011 1296 1068 1354 27:

394 1433 489 1490 Anaia
505 1435 601 1491 torach
619 1433 715 1490 diones
731 1429 742 1515 ΙΙ
759 1434 839 1492 intuo
855 1429 961 1514 doffbcrt
974 1435 1085 1493 comatis
1100 1437 1137 1492 elo

395 1529 498 1614 aribert
510 1536 794 1614 mosnicscdpa'trae'c
809 1529 819 1617 ΙΙ
844 1531 847 1616 Ι
866 1536 996 1594 brictlar
1012 1537 1117 1612 teesetp
1133 1536 1220 1594 nir-bu
1232 1542 1284 1613 μό.
1294 1535 1310 1568 ¹*

264 1639 409 1715 “Quievit
424 1653 543 1729 spiritus
559 1655 589 1711 in
603 1662 788 1731 perpetuum,
807 1663 964 1730 postquam
979 1657 1098 1712 dederat
1112 1656 1319 1712 revelationem
1334 1655 1373 1725 ci;

267 1754 341 1812 dixit
353 1757 432 1830 quod
447 1764 587 1814 venturus
603 1763 681 1814 esset
695 1757 848 1828 Patricius,
867 1759 988 1816 verbum
1003 1759 1122 1834 spirituo
1137 1777 1196 1815 non
1213 1757 1270 1816 fuit
1281 1745 1409 1814 falsum.”

352 1891 405 1953 Ita
432 1892 529 1955 etiam
554 1891 690 1956 disticha
714 1898 765 1956 29.
786 1899 838 1956 31.
867 1891 1030 1976 Bisyllabe
1057 1891 1150 1955 solita
1175 1903 1234 1955 est.
1270 1893 1423 1954 Sufficiant

266 1995 404 2080 exempli
419 2019 514 2060 causa
529 1997 665 2062 disticha
682 2005 817 2061 15-18.
844 2001 886 2062 In
898 1999 1012 2061 horum
1024 1997 1116 2062 tertio
1127 1999 1270 2060 notando
1282 1998 1423 2061 astutiam

252 2100 393 2164 ,interna
407 2103 590 2167 assonantia
604 2105 639 2166 in
654 2105 783 2167 vocibus
800 2105 900 2181 lustu,
920 2113 1036 2181 trueco,
1055 2105 1249 2188 dossuteced.

392 2247 441 2306 Hs'
452 2249 517 2308 elon
536 2249 541 2324 Ι
561 2249 654 2306 tataith
670 2248 875 2308 bennchuirclte
891 2243 901 2330 ΙΙ
918 2249 1066 2324 πὼςαίὀεῶ
1083 2247 1089 2324 Ι
1108 2256 1167 2306 aare
1181 2269 1220 2306 nn
1238 2249 1280 2306 Ira

394 2343 398 2428 Ι
415 2351 509 2410 cancel
525 2350 531 2425 Ι
550 2356 594 2408 cet
601 2353 699 2425 partlm
719 2351 724 2427 Ι
744 2352 806 2409 cccli
822 2351 941 2410 nancti
956 2346 966 2432 ΙΙ
984 2352 1065 2428 dortq
1080 2351 1292 2428 orrqelsopnia.

392 2451 531 2529 Fdidsor
550 2454 554 2529 Ι
576 2454 627 2510 Ιέὶσ
646 2453 652 2529 Ι
672 2454 743 2512 tuin
758 2455 853 2512 iarum
869 2448 879 2536 ΙΙ
896 2475 961 2512 octar
978 2455 1067 2512 cuilce
1074 2454 1170 2529 stiuclr
1186 2454 1276 2512 imme

393 2552 428 2608 bo
447 2554 452 2629 Ι
472 2555 557 2612 coirtc
572 2557 736 2614 art'tltadnrt
750 2550 761 2639 ΙΙ
777 2557 810 2614 ni
825 2557 878 2614 le'ic
893 2551 986 2636 olcorp
1002 2556 1123 2612 itimme.

392 2654 541 2713 Prt'dcltad
553 2661 658 2716 eoccclo
674 2660 798 2717 doclecicls
815 2653 825 2740 ΙΙ
842 2658 960 2734 doqnitt
979 2658 985 2729 Ι
1004 2657 1143 2733 indiserte
1160 2651 1263 2736 t'jlethu

393 2758 467 2814 iccicl
485 2760 490 2836 Ι
511 2761 593 2818 lusco
610 2763 638 2818 Io
655 2770 752 2818 trusco
769 2755 779 2842 Ι
806 2755 809 2840 Ι
826 2759 919 2816 otoirb
935 2759 1100 2835 ‹loesirisccd
1113 2757 1149 2814 olo
1166 2757 1266 2814 lethu.

393 2855 397 2940 Ι
414 2859 533 2920 Pdtrot'c
551 2863 557 2940 Ι
570 2861 702 2938 pridcln's
718 2863 752 2919 do
768 2863 875 2920 scotuib
892 2857 902 2942 ΙΙ
919 2862 1015 2919 roches
1031 2863 1152 2919 mo'rscth
1170 2861 1276 2918 illelhu

392 2963 475 3022 r'mrni
487 2967 589 3024 colebat
603 2967 638 3022 do
658 2966 663 3042 Ι
684 2965 766 3024 brath
783 2959 794 3045 ΙΙ
812 2965 911 3024 incdclt
926 2964 1041 3040 doesm
1056 2963 1091 3022 do
1111 2965 1115 3040 Ι
1136 2959 1278 3024 beth11.”

263 3113 287 3120 ι-
296 3113 303 3118 ·
321 3115 478 3124 ————...--

265 3217 326 3287 est),
341 3216 404 3270 item
420 3218 576 3286 O'Conoris,
591 3220 625 3272 ab
644 3218 774 3274 Hibernis
794 3217 923 3272 tribuitur
936 3218 964 3272 S.
979 3215 1089 3270 Pauicii
1110 3215 1245 3286 discipulo
1259 3215 1352 3272 Ficco.
1376 3215 1424 3268 Nec

211 3351 213 3354 .
264 3309 327 3354 ante
341 3319 366 3354 a.
380 3307 430 3357 540
443 3321 492 3358 neo
511 3311 573 3376 post
590 3305 727 3360 saeculum
745 3310 869 3356 octavum
882 3303 1010 3374 scriptum
1024 3320 1082 3356 cese
1095 3307 1186 3354 censet
1198 3301 1256 3352 Leo
1268 3302 1297 3354 in
1308 3299 1422 3356 ‘'Comm-

265 3386 298 3440 de
316 3388 432 3442 carmine
445 3397 551 3444 vetusto
564 3390 703 3444 hibernico
716 3389 745 3442 in
759 3389 786 3442 S.
801 3387 910 3440 Petricii
923 3381 1045 3440 laudem”
1061 3385 1139 3440 Hnlis
1153 3385 1218 3440 Sar.
1236 3390 1312 3452 1845,
1328 3404 1354 3456 p.
1369 3391 1390 3436 t.
1401 3387 1425 3445 t,

263 3471 369 3526 ratione
380 3491 437 3528 uon
448 3475 629 3546 improbabili,
640 3475 713 3548 quod
725 3473 848 3528 Temoria
861 3480 943 3542 caput
955 3472 1103 3526 Hiberniae
1116 3476 1203 3524 aetate
1218 3471 1245 3524 S.
1257 3471 1376 3533 Patricii,
1384 3467 1429 3520 red

265 3557 358 3612 orbata
376 3576 460 3630 regno
479 3577 503 3614 a.
518 3565 578 3626 blo,
588 3561 646 3632 jam
659 3559 780 3614 desolata
797 3559 897 3612 dicitur
915 3557 943 3612 in
957 3557 1083 3622 carmine,
1099 3564 1127 3608 et
1138 3555 1245 3608 saeculo
1258 3565 1355 3610 octavo
1366 3555 1429 3608 Nur·

264 3661 425 3698 mancorum
437 3645 590 3699 invasiones
601 3645 679 3700 illurn
691 3645 829 3698 literarum
841 3643 934 3696 florem
947 3642 1115 3696 hibernicum
1129 3641 1218 3694 delere
1230 3649 1385 3712 coeperunt.

332 3730 345 3756 ⁸
362 3729 504 3800 Leguntur
523 3731 551 3784 hi
569 3747 661 3784 uersus
683 3739 745 3802 post
762 3729 987 3784 annuntiationem
1006 3727 1101 3780 mortis
1115 3725 1143 3780 S.
1157 3726 1269 3780 Patricii
1287 3725 1380 3780 erube
1392 3741 1430 3778 ar-

264 3815 345 3872 dente
363 3815 461 3868 factam
477 3815 512 3868 ab
531 3816 638 3886 angelo,
653 3825 681 3870 ct
697 3825 758 3870 ante
776 3815 957 3870 narrationem
976 3813 1009 3868 de
1028 3813 1087 3884 ipsa
1106 3812 1163 3882 ojus
1180 3821 1278 3866 morte.
1304 3813 1375 3866 l'oec
1386 3811 1432 3863 ob

237 3889 242 3902 ⁸
263 3917 342 3954 ecura
353 3907 381 3954 et
392 3901 458 3954 alibi
470 3917 525 3954 non
538 3901 618 3956 obvia
631 3903 734 3954 musach
747 3901 808 3956 ideo
821 3899 891 3954 nihil
902 3899 977 3952 aliud
989 3898 1171 3968 significatum
1183 3915 1242 3950 esse
1255 3905 1433 3968 potestquaur

262 3986 382 4056 spirituc,
392 3985 522 4057 angelus,
536 4004 603 4040 num
612 3986 648 4040 sit
656 3987 772 4042 affinitas
785 4005 846 4040 cum
856 3985 943 4040 subst.
955 3985 1066 4038 clusacbt
1077 3983 1201 4054 (insanin,
1212 4001 1238 4054 p.
1250 3985 1324 4054 ῖῖΙ),
1335 3983 1433 4038 nascio.

262 4073 360 4137 diones,
375 4072 404 4125 in
423 4089 519 4125 aerum
537 4089 625 4137 suum,
639 4079 779 4144 perpetuo,
794 4073 904 4126 obvium
922 4071 1002 4126 etiam
1022 4071 1050 4124 in
1063 4070 1126 4124 dist.
1141 4073 1167 4124 l.
1181 4068 1285 4120 colsuain
1298 4075 1366 4140 puto
1377 4084 1434 4120 esec

262 4157 384 4226 ejusdem
402 4157 607 4228 significationis
625 4173 686 4210 eum
704 4157 752 4210 lat.
767 4156 983 4210 communicatio.
998 4155 1088 4208 astera
1104 4152 1260 4220 tumreiqsed,
1275 4153 1347 4208 dixit
1362 4149 1434 4222 qual

261 4249 391 4298 uenturus
409 4251 480 4298 esset
500 4243 537 4314 (p.
552 4243 626 4312 419),
640 4242 658 4296 i.
672 4259 696 4296 e.
717 4243 791 4313 quod
808 4241 954 4297 moriturus
973 4246 1044 4294 essct
1062 4240 1104 4302 Ρ.,
1120 4239 1171 4292 boc
1191 4239 1265 4290 enim
1283 4237 1437 4290 continetur

263 4328 352 4382 uerbis
369 4329 460 4400 angeli
477 4347 491 4382 e
509 4329 578 4382 rubo
596 4327 828 4380 antecedentibus.
843 4326 964 4380 emolliar
983 4343 1033 4396 pro
1046 4323 1167 4378 triana
1179 4321 1259 4394 posui
1273 4321 1309 4376 ob
1321 4339 1435 4392 sequen-

262 4417 315 4463 tem
329 4413 400 4483 sing.
415 4414 503 4468 nirbn.

316 4499 342 4524 ‘⁸'
360 4497 430 4552 Sunt
448 4499 514 4553 haec
533 4499 673 4568 quaedum,
694 4515 761 4566 quoe
780 4501 860 4568 pobta
877 4497 910 4552 dc
929 4496 1007 4550 luctis
1027 4495 1112 4550 sancti
1131 4494 1159 4548 in
1180 4493 1317 4548 llibcrnia
1327 4503 1435 4546 narrat.
