3056 5048
276 399 339 460 616
521 402 580 463 IV.
601 405 630 462 2.
661 419 941 464 Pesnrosmionss
957 420 1196 463 nnrnnnmcsn.

363 569 536 646 GURTH,
564 571 737 634 GWRTH
754 569 891 648 (hibern.
901 570 993 654 sritd
1016 571 1049 633 in
1070 569 1265 654 compositis,
1275 569 1336 654 fri
1356 579 1440 634 extre

278 674 565 758 compositionem),
584 676 767 760 significans
789 677 844 738 let.
863 695 981 752 versos,
999 678 1162 752 adversm,
1181 685 1304 752 eontra,
1321 696 1362 738 ex
1383 697 1440 759 quo

280 793 386 843 temon
406 779 639 864 significatione
659 782 797 846 mitescit
816 793 848 843 et
868 781 1046 845 deflectitur
1061 792 1099 845 ut
1113 781 1238 845 hibern.
1256 801 1366 864 praep.
1376 779 1439 865 fri.

364 885 563 968 Significatio
585 895 711 965 contro,
730 889 898 951 adversus:
918 897 996 972 port
1007 909 1100 970 paup
1122 888 1198 971 (leg.
1214 887 1314 971 portis
1329 909 1382 969 μ,
1399 887 1439 969 gl.

278 992 449 1068 oonsistes3
468 992 489 1054 i.
505 1014 533 1055 e.
551 1003 661 1056 eontra
675 993 829 1076 quemvis,
845 994 983 1075 hostem)
994 995 1038 1076 gl.
1053 995 1161 1058 Oxon.
1178 993 1372 1079 ymodrowd
1379 1013 1442 1056 mor·

278 1098 472 1162 warthoedr'o
493 1121 514 1160 0
535 1098 658 1161 hosomo
678 1099 760 1162 ortt
779 1122 826 1162 wi·
845 1099 915 1162 mol
932 1101 1031 1164 orosio
1046 1104 1163 1181 (sermo
1184 1120 1284 1182 aeque
1306 1097 1395 1161 rudis
1409 1109 1441 1160 ut

19 1235 20 1308 ι
157 1219 160 1224 ’
279 1205 331 1266 hic
351 1215 460 1267 contra
479 1203 583 1266 virum
600 1217 636 1268 ut
651 1207 709 1286 0.)
727 1207 813 1267 Mat.
837 1211 864 1280 1,
888 1213 935 1267 11.
970 1205 1085 1288 Signis.
1105 1207 1160 1281 od,
1179 1206 1278 1286 opud,
1290 1213 1440 1287 propter:

279 1310 336 1372 tet
358 1331 398 1394 pr
420 1309 531 1373 iorlles
554 1309 635 1374 wrtlt
657 1312 744 1374 10001
758 1311 853 1393 (dixit
875 1309 1035 1374 eomitissa
1055 1313 1097 1374 ad
1113 1312 1287 1390 Lunetam)
1305 1311 1393 1374 Meb.
1414 1319 1438 1386 1,

282 1422 331 1476 19.
355 1437 528 1500 morpnpoo
549 1417 728 1500 poptemow
749 1418 833 1482 wrtb
844 1417 996 1502 ffenemr,
1013 1415 1193 1502 ynptom'ow
1202 1415 1279 1498 pali
1290 1415 1441 1500 wndffe

279 1529 386 1605 oestpr
401 1522 540 1605 (puellae
561 1522 739 1585 laborantes
760 1525 800 1586 ad
821 1523 1003 1598 fenestram,
1022 1523 1173 1586 facientes
1194 1543 1340 1605 panorm
1361 1522 1442 1605 apud

278 1627 462 1708 fenestram)
482 1635 510 1705 l,
532 1635 560 1690 1.
580 1635 610 1689 1.
632 1627 750 1711 pwret'o
764 1629 880 1693 arthur
889 1651 959 1712 pon
974 1651 1017 1693 uu
1032 1627 1163 1712 hardas
1169 1627 1289 1712 et'ryoet
1303 1629 1377 1692 duo
1391 1649 1442 1691 no-

244 1778 249 1784 ·
280 1731 363 1796 dolio
384 1754 446 1795 osu
467 1735 540 1796 duro
557 1755 638 1815 poso
658 1734 740 1798 ortt
764 1735 885 1818 efferes
906 1735 1036 1817 (mulier
1057 1735 1111 1808 A„
1129 1755 1203 1796 cum
1226 1733 1290 1796 fuit
1308 1733 1442 1796 maxime

278 1849 390 1902 ometa
412 1859 553 1920 unquam
577 1838 628 1900 die
650 1839 749 1904 natali
769 1839 819 1903 vel
841 1841 892 1904 die
913 1839 1072 1925 paschatis
1093 1841 1180 1923 apud
1200 1839 1346 1920 missam)
1367 1847 1378 1900 1
1384 1885 1394 1916 ,
1412 1847 1440 1900 1.

279 1945 350 2008 doto
371 1963 459 2028 awyr
473 1966 517 2006 na
532 1943 635 2006 wedeis
651 1943 665 2005 ι’
679 1945 808 2009 eirmoet
822 1969 885 2009 toas
902 1946 976 2009 well
988 1945 1114 2010 sortist
1130 1945 1213 2008 wrth
1229 1944 1334 2008 toreio.
1357 1993 1364 2008 .
1385 1993 1392 2008 .
1409 1968 1444 2008 or

278 2049 361 2113 wrtlt
382 2049 491 2134 hyony
513 2049 571 2114 tet
593 2049 629 2113 ti
648 2071 689 2136 pr
703 2050 791 2135 hyon
806 2053 922 2138 oollafi
936 2075 953 2116 0
968 2060 1067 2116 woret
1082 2051 1135 2115 itti
1148 2051 1195 2114 mi
1208 2052 1366 2136 oepwnos
1373 2050 1442 2132 (scit

279 2157 369 2234 deus,
388 2157 472 2239 quod
493 2177 558 2219 non
581 2157 647 2220 vidi
670 2177 805 2240 puerum
828 2157 989 2222 meliorem
1006 2168 1037 2220 te
1053 2157 1087 2220 in
1103 2157 1281 2234 mulierem,
1299 2157 1440 2230 mulieri;

278 2274 310 2334 et
326 2274 453 2345 propter
467 2263 537 2339 hoc,
554 2263 636 2325 dixit
650 2263 768 2346 puello,
783 2265 868 2346 quod
883 2285 1014 2348 possum
1025 2263 1138 2346 juvare
1155 2275 1186 2326 te
1202 2261 1330 2344 faeiem)
1347 2271 1376 2342 1,
1394 2271 1439 2325 11.

278 2367 468 2431 001101110ῐὶ1
482 2391 500 2429 0
523 2367 590 2430 tati
608 2369 788 2454 ymdonow.
811 2419 818 2432 .
840 2419 846 2432 .
864 2370 946 2434 wrtb
962 2369 1071 2456 hpnny
1087 2391 1147 2454 itys
1163 2377 1325 2432 oiwaenot
1338 2371 1396 2434 ned
1411 2391 1444 2431 or

280 2473 327 2537 llo
349 2473 389 2556 ef
399 2476 444 2555 (et
466 2473 600 2557 pellium
622 2496 639 2536 e
660 2495 767 2558 penno
789 2475 907 2538 circum
929 2497 1014 2551 eum,
1036 2524 1042 2537 .
1065 2523 1071 2537 .
1090 2485 1218 2558 propter
1237 2474 1298 2537 hoe
1321 2459 1444 2538 nemos

279 2579 341 2663 piis
357 2579 505 2662 cognovit
519 2584 607 2661 eum)
626 2587 654 2655 1,
675 2585 726 2642 21.

364 2684 530 2748 Contraria
549 2686 791 2770 praepositionis
812 2687 964 2772 simplicis
986 2687 1214 2771 significationi
1236 2689 1285 2762 fit,
1310 2687 1338 2751 si
1359 2688 1444 2752 addi-

279 2803 331 2854 tur
350 2812 457 2874 praep.
478 2794 573 2876 9(=
588 2791 633 2867 di,
651 2795 701 2868 de,
726 2815 762 2868 ιι,
781 2815 812 2876 p.
833 2797 927 2876 626);
953 2802 1060 2878 mynet
1079 2815 1176 2857 aoruo
1197 2795 1301 2878 odyno
1321 2817 1344 2879 y
1366 2793 1445 2858 10111

279 2897 376 2960 ower'n
392 2897 451 2976 (ire
466 2897 570 2981 coepit
585 2897 659 2961 inde
673 2899 714 2960 de
728 2900 813 2981 apud
828 2899 883 2976 0.,
902 2899 942 2962 eb
956 2899 1092 2981 Oweno)
1106 2901 1194 2963 Mab.
1212 2907 1241 2975 1,
1260 2907 1310 2962 15.
1328 2901 1446 2965 orodes!

280 3003 317 3066 di
330 3003 397 3067 dim
412 3003 517 3088 ywrtd
527 3003 630 3066 uatem
645 3005 707 3068 aad
722 3007 853 3068 modron
868 3006 1037 3091 odoopwyt
1049 3028 1094 3091 ys
1106 3005 1177 3069 deir
1187 3005 1323 3091 nossioy
1334 3005 1445 3090 wrtty

281 3131 355 3172 uam
373 3113 427 3190 (en
444 3109 505 3172 sois
521 3120 557 3170 tu
573 3109 694 3192 aliquid
707 3113 747 3173 de
763 3113 810 3173 M.
826 3110 892 3173 filio
909 3113 971 3188 Μ,
986 3111 1040 3194 qui
1056 3111 1181 3175 ablatus
1197 3123 1245 3175 est
1262 3123 1325 3175 tres
1341 3122 1446 3175 noctes

184 3253 187 3262 ι
281 3227 376 3278 natus
391 3215 430 3277 de
445 3225 545 3278 matre
561 3215 651 3297 susi)
669 3220 698 3292 2,
719 3221 791 3278 234.

366 3321 450 3384 Cum
470 3321 711 3403 pronominibus
730 3323 854 3386 suffixis
869 3323 1034 3387 formulae.
1068 3323 1159 3407 Sing.
1181 3331 1209 3386 1.
1228 3345 1333 3409 pers:
1356 3323 1446 3409 ydy·

280 3435 374 3490 wowt
397 3450 419 3513 y
438 3447 508 3510 91ον
533 3427 577 3491 du
598 3427 727 3514 wrthyf
743 3429 839 3510 (dixit
861 3429 909 3492 vir
930 3429 1021 3513 niger
1042 3431 1083 3493 ed
1103 3433 1169 3513 me)
1188 3437 1217 3506 1,
1238 3439 1267 3492 1.
1295 3435 1326 3492 2.
1344 3449 1444 3513 pers:

277 3555 417 3618 pressam
432 3531 550 3619 wrthyt
565 3533 663 3615 (salus
679 3533 751 3619 tibi)
771 3544 799 3612 1,
819 3541 892 3599 2311.
912 3545 1010 3621 puteo
1025 3537 1111 3621 ooyd
1120 3533 1319 3620 qwrtdylooh
1333 3533 1449 3618 wrtkyt

281 3640 307 3702 s·
321 3640 403 3724 (ipse
419 3638 479 3702 erit
493 3639 571 3702 echo
587 3661 694 3703 versus
712 3652 753 3717 te,
772 3642 877 3705 brevia
891 3641 1004 3705 referet
1019 3641 1091 3723 tibi)
1111 3650 1139 3716 1,
1158 3647 1189 3703 6.
1207 3641 1267 3705 teir
1282 3641 1398 3727 tlyned
1409 3659 1448 3725 φτ

280 3767 385 3809 omser
406 3746 501 3810 hrono
522 3770 543 3831 y
565 3745 715 3810 druidum
735 3746 749 3808 i
767 3771 788 3832 y
808 3749 926 3834 torthyt
945 3747 971 3811 o·
985 3752 1063 3829 (tres
1079 3769 1181 3812 annos
1197 3745 1448 3832 ebhinoebiuie

282 3859 326 3934 te)
347 3860 373 3928 1,
394 3858 445 3914 25.
474 3859 503 3914 11.
522 3875 604 3936 pers.
623 3843 739 3916 masc'.:
764 3853 930 3938 dt'ffdmno
945 3877 1043 3918 aomo
1058 3878 1079 3940 y
1095 3853 1167 3918 11010
1179 3851 1336 3938 yzorthow
1352 3851 1449 3932 (obire

275 3958 384 4042 ¹eoepit
406 3959 456 4022 leo
478 3960 518 4022 ab
540 3965 591 4042 eo)
612 3968 639 4035 1,
660 3965 710 4020 31.
746 3959 854 4024 Fomz
882 3959 995 4024 llowen
1018 3981 1061 4024 uu
1081 3959 1229 4046 yiorlles
1243 3959 1342 4024 ordi
1355 3959 1450 4038 (laets

280 4065 342 4128 fuit
367 4065 527 4128 comitisse
562 4087 668 4128 versus
695 4087 783 4142 eam,
814 4067 986 4148 Lunetam)
1014 4073 1048 4143 1,
1073 4072 1126 4129 20.
1171 4065 1261 4129 Plur.
1291 4072 1319 4128 1.
1344 4084 1446 4150 pers:

280 4169 416 4256 wrthym
430 4173 541 4254 procul
556 4171 671 4246 dubio;
689 4173 745 4234 sed
760 4193 825 4234 non
840 4171 904 4254 legi
919 4172 1113 4255 exemplum.
1141 4175 1171 4234 2.
1188 4181 1273 4254 pers.
1287 4194 1294 4233 :
1310 4189 1449 4255 prorsam

281 4279 354 4341 (loro
365 4276 506 4362 rorthyok
516 4277 678 4352 (salutatio
687 4279 737 4340 dei
745 4277 845 4354 vobio,
857 4279 1017 4342 salutandi
1026 4278 1176 4357 formula)
1185 4283 1215 4353 2,
1229 4281 1281 4340 28.
1305 4285 1333 4339 3.
1344 4295 1448 4360 pers:

281 4383 395 4446 lloroen
410 4405 453 4446 uu
467 4405 488 4468 y
504 4381 614 4445 t'orlles
630 4383 769 4446 wrthunt
783 4383 881 4463 (loeta
895 4385 1045 4448 adversus
1059 4388 1126 4464 eos)
1143 4391 1171 4460 1,
1188 4388 1240 4446 20.
1259 4405 1281 4445 o
1296 4379 1453 4468 rponaiod

277 4487 440 4572 portiom
457 4511 477 4572 y
491 4489 623 4571 pwelwn
639 4511 685 4551 wr
697 4491 743 4568 (et
757 4510 822 4552 non
838 4489 1002 4574 proculab
1018 4489 1063 4554 eis
1079 4489 1225 4554 videbam
1242 4489 1356 4570 virum)
1370 4493 1400 4548 1.
1418 4492 1449 4548 ³.
