3082 5070
250 367 332 432 1086
432 385 618 432 sersunrx.
651 383 793 430 ooossrm
808 381 998 428 cononicus
1014 382 1232 430 oxonienses.

246 559 315 602 rare
336 537 493 618 deorum).
518 555 593 617 mcp
614 532 802 598 brethinncu
818 533 876 616 (gl.
895 531 931 596 in
952 532 1072 615 cunis).
1095 531 1152 596 tin
1167 553 1243 614 neap
1258 531 1346 594 ditet
1363 531 1424 614 (gl.

240 643 326 718 ‚Jove
345 641 482 724 dignus:
507 639 542 706 in
562 639 654 704 cunis
672 639 741 723 jam
756 641 837 704 Jove
852 639 968 722 dignus
984 643 1078 722 eret).
1102 637 1223 702 occilou
1239 638 1300 721 (gl.
1318 637 1427 721 auspi-

247 747 330 830 ciis).
362 743 668 830 cryuordims'nott'us
689 744 752 828 (gl.
778 745 818 808 ab
840 744 972 828 invito).
1005 744 1123 810 ditius
1137 745 1196 828 (gl.
1215 744 1328 810 Latio:
1352 765 1426 808 coss

248 853 342 918 Latio
362 853 459 916 addat
479 853 581 934 opes).
610 855 688 934 puri
700 871 793 934 paup
809 850 868 934 (gl.
886 851 1065 933 consistes).
1089 849 1225 916 nerths'ti
1239 851 1301 934 (gl.
1318 849 1426 914 horta·

248 961 337 1022 bere:
361 957 514 1022 consistes
537 955 699 1039 aciemque
719 956 799 1020 meis
821 957 986 1028 hortabere
1009 956 1137 1038 verbis).
1162 955 1221 1020 tin
1238 955 1427 1020 cauimus

247 1065 318 1130 leta
342 1064 401 1148 (gl.
430 1065 578 1129 Romana
606 1073 750 1147 pertore:
784 1073 935 1146 tergisque
965 1061 1177 1140 Parthorum,
1208 1063 1425 1145 Romanaque

249 1326 359 1374 nentem
378 1325 409 1372 ut
428 1318 456 1371 in
474 1317 565 1372 latinis
584 1317 724 1371 codicibus
740 1317 821 1372 etiam
834 1317 862 1371 in
875 1318 1021 1372 hibernicis
1033 1335 1082 1388 pro
1094 1335 1162 1382 coss,
1177 1317 1207 1370 in
1220 1315 1364 1370 cambricis
1376 1333 1425 1386 prs

247 1423 316 1470 csse,
330 1423 397 1458 cent·
411 1403 475 1474 (rec.
488 1400 560 1473 cyse,
575 1403 655 1473 cyfi),
669 1419 720 1456 nec
731 1403 823 1467 timeo,
838 1419 873 1455 nc
885 1401 953 1454 falso
965 1401 1053 1472 legam
1065 1403 1250 1466 cenitolos'dou,
1265 1420 1281 1456 e
1293 1419 1348 1472 qus
1359 1419 1426 1454 rece

249 1491 328 1546 facile
347 1489 516 1560 dignoscitur
528 1488 615 1542 subet.
629 1486 732 1551 cenitol,
747 1487 854 1552 cersctol,
868 1487 973 1550 cenetel,
989 1487 1055 1540 hod.
1069 1489 1184 1559 cenedyl,
1199 1505 1298 1558 genus,
1313 1503 1426 1556 genera·

249 1577 298 1630 tio.
323 1574 550 1629 Terminctionem
571 1571 661 1624 -as'dou
679 1571 702 1625 si
721 1572 782 1643 quis
800 1571 935 1643 opinetur,
950 1572 984 1625 ob
1003 1573 1050 1626 lat.
1065 1573 1167 1626 natales
1185 1573 1284 1626 finiens
1304 1571 1334 1624 in
1351 1569 1424 1634 -ots'c

250 1679 308 1718 esse
327 1659 521 1715 derivationem
538 1657 734 1728 adJectircrum
753 1657 922 1727 frequentem
939 1657 1015 1710 -os'dd
1031 1657 1177 1712 hodiernae
1189 1657 1313 1727 linguae,
1328 1673 1425 1710 conre-

249 1747 370 1802 nientem
388 1763 449 1800 cum
468 1745 516 1798 lat.
528 1741 592 1808 -s'lt’s,
606 1743 683 1808 cris,
698 1760 722 1796 e.
737 1760 778 1813 gr.
792 1742 821 1795 in
833 1741 966 1806 nutant,
981 1743 1101 1812 puerilis,
1113 1741 1246 1812 quattu
1260 1741 1347 1795 virilis
1359 1749 1423 1804 eu..

250 1915 365 1977 -es'ddt'cn
383 1915 571 1970 terminantur.
596 1911 681 1968 Vetus
693 1913 745 1966 hoc
757 1913 930 1968 wnitolos'dcu
943 1929 998 1966 non
1010 1912 1086 1966 aliud
1097 1919 1139 1966 est
1151 1929 1232 1982 quam
1245 1911 1373 1966 hodiem.
1387 1929 1426 1964 ce

251 2003 417 2066 bedbertus,
432 1999 629 2071 generationes,
643 2015 660 2052 a
677 1999 748 2068 sing.
763 1999 913 2052 ccedlastlt
933 2015 994 2052 cum
1012 1998 1129 2052 formale
1139 1997 1213 2052 cett
1224 1997 1328 2066 scripta
1340 1997 1370 2050 in
1383 2013 1425 2050 cc-

251 2088 358 2142 dicibus
371 2085 485 2142 vetustis
495 2084 554 2139 -or'd
565 2083 603 2154 (p.
616 2085 673 2136 172.
688 2075 758 2154 180)'.
777 2101 839 2153 mop
853 2083 1018 2148 brethinnsu,
1033 2085 1071 2154 gl.
1083 2084 1111 2136 in
1123 2083 1210 2147 cunis,
1224 2082 1245 2134 i.
1260 2099 1286 2135 e.
1299 2099 1371 2152 puer
1381 2097 1426 2134 cu·

252 2191 358 2236 norum,
373 2171 531 2235 fasciarum
547 2169 634 2224 subst.
654 2167 767 2238 brethyn
788 2168 914 2240 (pannus)
935 2169 1012 2224 Mcb.
1027 2173 1051 2234 2,
1067 2172 1126 2234 ³82,
1147 2169 1213 2222 hod.
1234 2169 1366 2238 trsrtys,
1386 2167 1423 2238 pl.

253 2258 412 2328 bretlsynsu,
422 2273 503 2312 sensu
514 2255 601 2326 magis
613 2254 758 2318 communi,
771 2254 862 2308 vestis.
881 2253 928 2306 bris
940 2272 1003 2324 map
1013 2255 1043 2307 ds'
1053 2255 1104 2319 iob,
1115 2254 1153 2324 gl.
1166 2253 1236 2308 Jore
1249 2252 1424 2323 digressis.

252 2351 285 2398 ut
300 2342 372 2396 filius
383 2341 473 2396 Jovisr
488 2339 544 2405 11η,
565 2337 602 2404 in,
622 2355 660 2408 yn
674 2339 710 2410 (p.
725 2340 804 2410 571);
825 2339 854 2392 di
864 2339 915 2403 s'ob,
929 2339 1079 2410 genitivum
1092 2341 1248 2411 significans
1262 2341 1303 2408 (p.
1318 2340 1392 2408 9115).
1411 2357 1425 2392 ο

252 2427 346 2492 coilou,
361 2426 447 2480 subet.
461 2424 520 2489 coil,
535 2424 694 2495 auspicium,
709 2423 862 2493 augurium,
877 2425 951 2494 quod
968 2425 1062 2478 subest
1074 2425 1202 2478 derivatis
1213 2424 1349 2488 amatam,
1364 2425 1426 2478 else-

252 2513 353 2582 tuopte
366 2512 394 2565 in
406 2510 507 2564 Vocab.
528 2517 556 2564 et
578 2509 733 2580 supradicto
753 2509 860 2562 denom.
880 2509 1064 2564 ebrcoillrccm.
1087 2509 1331 2580 puordimisrntins,
1345 2511 1426 2566 lectio

252 2615 308 2652 non
326 2597 391 2652 sctis
404 2603 485 2660 certa,
500 2612 560 2648 cum
574 2594 654 2648 etiam
667 2594 702 2646 ob
715 2593 827 2676 iprmam
839 2594 932 2650 literae
944 2614 961 2648 c
974 2594 1131 2666 quadratam
1144 2595 1284 2650 interdum
1295 2607 1379 2668 atque
1391 2596 1426 2649 ob

253 2682 366 2736 fonnem
377 2681 471 2734 literae
489 2687 624 2734 extremae
643 2678 799 2732 abnormcm
815 2687 843 2734 et
860 2687 1012 2750 suspectam
1024 2681 1079 2750 legi
1096 2680 1182 2750 possit
1192 2681 1425 2749 psords'mr'nnsss,

250 2765 476 2838 paerdiosinncul,
488 2764 708 2834 concorrentis.
734 2765 898 2818 Termiuatio
911 2783 971 2818 -aus
985 2765 1028 2834 (τε
1042 2765 1088 2824 dc:
1106 2782 1168 2818 nam
1180 2784 1242 2820 -cua
1256 2775 1427 2823 vetustorum

252 2852 394 2906 nominum
405 2850 567 2914 Nemausus,
582 2849 726 2906 Cercusius
744 2849 831 2902 codici
849 2858 943 2904 nostro
956 2859 1027 2904 esset
1037 2851 1105 2921 cus)
1119 2851 1164 2904 ris
1178 2850 1245 2906 alias
1258 2853 1354 2916 absin
1373 2853 1425 2906 ior·

253 2955 313 2994 mae
326 2945 416 2992 tamen
428 2933 524 2998 minut,
544 2933 614 2988 mut
630 2934 807 3006 responderet
818 2935 924 2991 hibern.
940 2943 993 2990 ret.
1011 2941 1065 2988 nist
1075 2936 1103 2990 in
1117 2953 1237 3005 compos.
1249 2937 1423 3005 somitbmct,

252 3024 362 3087 deerret,
377 3039 392 3075 e
408 3019 692 3083 mercennurius
707 3019 751 3090 (cf.
767 3019 843 3073 Sent.
857 3019 962 3075 hibern.
976 3039 1004 3072 n.
1022 3020 1075 3091 11).
1101 3021 1193 3074 Hodie
1211 3029 1321 3091 praeter
1338 3021 1424 3076 subet.

253 3107 354 3164 cambr.
367 3123 440 3176 myst,
455 3105 562 3174 myncd,
576 3103 710 3170 voluntas,
726 3105 898 3171 desiderium,
913 3123 975 3160 cum
990 3113 1018 3160 et
1029 3113 1118 3162 exstet
1129 3107 1184 3177 adj.
1199 3107 1342 3176 mesdeo,
1356 3107 1425 3162 cui·

252 3194 360 3258 dmens,
375 3191 477 3255 volens,
492 3189 635 3244 statuenda
653 3189 761 3244 ridetur
773 3190 853 3246 lectio
871 3191 1091 3261 paerdiminnts'u.
1116 3193 1221 3246 Eadem
1237 3193 1318 3246 radix
1333 3192 1425 3246 subest

254 3279 343 3334 verbis
355 3279 485 3348 dysporo
497 3275 656 3346 (arcessere;
671 3283 752 3330 eret.
766 3275 901 3347 dominns)
913 3276 987 3332 Msb.
998 3281 1022 3341 2,
1032 3280 1075 3342 32,
1084 3277 1292 3348 φώνημα
1303 3277 1422 3348 (jubere,

253 3382 281 3435 p.
297 3363 369 3434 818).
395 3359 425 3416 di
441 3361 516 3425 111111,
530 3360 560 3414 in
572 3359 703 3418 hodierne
715 3360 861 3432 scriptione
872 3368 972 3432 essety
985 3363 1090 3432 Lydae
1104 3364 1142 3434 (p.
1159 3368 1218 3418 151).
1232 3365 1307 3434 199).
1328 3363 1425 3432 Jungit

253 3449 397 3519 glossator,
411 3445 567 3516 respiciens,
586 3452 618 3500 ut
635 3444 751 3509 videtur,
766 3445 820 3516 adj.
835 3445 883 3500 lst.
898 3447 976 3513 laba,
991 3456 1019 3502 et
1035 3450 1135 3504 cambr.
1150 3449 1217 3502 titan
1230 3449 1308 3518 (hod.
1323 3449 1423 3518 Hydas,

253 3533 311 3590 hib.
325 3539 380 3588 vet.
394 3531 506 3602 lethae),
520 3547 620 3586 nomen
631 3529 741 3586 Latium
761 3547 822 3584 cum
834 3548 900 3588 soce
912 3533 1045 3588 cambrics
1057 3533 1133 3598 uus,
1149 3533 1324 3590 substantiro
1335 3533 1425 3604 prini-

252 3627 298 3676 tus
317 3619 432 3675 tomus
450 3616 613 3686 appellativo
631 3623 660 3672 et
676 3615 846 3686 significante
864 3612 979 3672 litoiale.
1004 3619 1134 3674 Attamen
1152 3619 1236 3674 stiam
1248 3619 1357 3674 hibern.
1369 3626 1422 3672 ret.

252 3704 324 3758 letha
337 3703 374 3774 (p.
388 3701 444 3773 61),
465 3700 620 3771 significans
639 3701 712 3754 idem
729 3701 803 3771 quod
820 3703 919 3756 cambr.
934 3711 988 3758 ret.
1003 3703 1080 3769 rues,
1094 3705 1160 3760 hod.
1173 3705 1298 3776 Liysbto,
1314 3703 1425 3758 Letsss's

253 3788 327 3860 apud
345 3786 489 3857 scriptores
507 3785 590 3840 medii
609 3785 677 3852 seri,
697 3786 865 3844 Armoricam
884 3789 987 3844 seilicet
1002 3790 1046 3844 vel
1064 3791 1234 3846 Britsnnism
1253 3791 1380 3862 gallicam
1398 3799 1425 3844 et

253 3872 336 3932 lstius
349 3871 474 3934 Galliam,
489 3887 550 3926 cum
569 3870 677 3925 nomine
689 3871 762 3926 Latii
781 3872 958 3930 confunditur
975 3876 1425 3948 ascriptoribusctintaprstibru
1537 3879 1538 3882 ’

253 3957 400 4012 hibernicis
414 3954 496 4027 (Bou.
511 3955 594 4010 Mart.
607 3957 631 4020 2,
644 3957 716 4028 528).
733 3963 800 4028 port
806 3975 891 4028 paup,
905 3958 943 4029 gl.
957 3960 1097 4027 consistes,
1113 3963 1132 4016 i.
1146 3980 1171 4016 e.
1184 3971 1282 4018 conns
1292 3962 1422 4033 quemuis,
1536 3991 1538 4024 2

252 4042 352 4100 rectius
370 4041 456 4112 perth
462 4059 538 4111 paup
552 4041 590 4112 (p.
605 4043 676 4115 646),
691 4043 749 4096 hib.
764 4051 818 4098 vet.
826 4044 875 4113 srs'
885 4045 958 4100 oded.
983 4047 1104 4112 scribite
1118 4048 1237 4112 hortare,
1250 4048 1345 4112 insitu,
1359 4048 1422 4118 inp.
1537 4065 1538 4074 ¹

245 4126 293 4214 ‘(p.
308 4127 368 4197 516)
384 4127 459 4182 verbi
478 4127 567 4182 adhuc
579 4129 712 4185 exstantis
723 4131 829 4194 stertis,
844 4129 958 4186 firmare.
984 4131 1031 4186 ctu
1043 4131 1158 4186 cetls'ucu
1171 4132 1197 4186 ir
1209 4133 1274 4198 eiu,
1288 4133 1328 4204 gi.
1341 4149 1422 4186 rom·
1537 4189 1538 4194 1

253 4229 342 4283 naqus
354 4220 478 4283 pectorcr
493 4211 519 4266 ἰν
530 4213 593 4279 utu,
605 4212 660 4279 alii,
670 4215 773 4270 scilicet
783 4215 909 4280 Romani,
919 4224 1061 4287 postquam
1073 4219 1177 4274 dictum
1189 4227 1253 4272 snts
1262 4217 1421 4273 dePsrtbis.

252 4295 286 4348 In
306 4297 529 4366 praecedentibus
547 4299 659 4353 vocibus
672 4299 794 4370 quamvis
807 4299 865 4354 sine
877 4300 960 4355 dubio
973 4311 1062 4356 exstet
1074 4304 1190 4358 formula
1201 4303 1340 4375 participii
1351 4319 1422 4374 tnt-
1537 4325 1538 4364 ξ

254 4381 347 4446 sentis,
369 4389 400 4435 ut
419 4383 525 4438 obtinet
542 4384 623 4438 etism
644 4385 734 4450 bodie,
754 4386 850 4456 partic.
871 4404 911 4457 ys
928 4405 990 4442 cum
1008 4387 1152 4454 infinitivo,
1173 4389 1258 4444 dubis
1276 4399 1367 4444 tamen
1383 4399 1422 4442 eat

251 4465 363 4536 scriptio
383 4467 467 4522 verbi.
493 4469 545 4524 Est
558 4469 630 4524 enim
648 4478 710 4541 post
726 4489 741 4524 c
759 4471 934 4542 incipientem
951 4473 1023 4528 clara
1034 4473 1144 4545 quidem
1156 4493 1172 4530 s
1182 4474 1290 4531 minere
1301 4475 1386 4530 forms
1396 4481 1421 4526 ct
