2994 5052
319 367 381 430 IV.
399 373 430 430 3.
461 381 728 432 conrunerronns
743 387 980 432 snmanurcsn.
998 367 1002 374 ’
1172 365 1234 430 699

84 536 116 600 L.
132 536 228 598 Innd.
249 540 324 597 247.
355 535 419 622 Ityn
439 535 502 610 dod
518 534 637 600 acheus
655 537 744 620 pdau
766 537 830 620 ahy
846 538 1031 620 (antequam
1049 557 1118 600 rem
1138 535 1235 600 habet

83 641 140 723 ipse
152 643 292 723 cumea)
309 641 387 723 Lag.
406 645 436 702 2.
454 647 486 702 4.
506 647 536 702 9.
562 641 688 726 ackynn
703 643 850 726 cadyuot.
872 690 878 704 .
896 643 1010 728 ydoetk
1025 665 1068 706 aa
1084 645 1130 723 (et
1145 651 1234 704 ante·

82 767 164 828 quam
177 746 337 820 venirent,
355 755 429 808 ante
444 767 552 808 eorum
567 747 740 810 adventum
754 747 821 810 ibat
836 748 965 830 aliquis)
981 749 1069 810 Mab.
1089 753 1119 822 2,
1136 753 1187 808 23.

28 859 30 916 1
154 851 326 914 GWEDY
340 853 552 933 (postquam):
573 853 684 936 pwedy
705 875 748 916 aa
763 853 876 916 melent
889 852 960 937 Itwy
976 853 1057 936 dydt'
1072 853 1157 916 drwc
1171 852 1236 936 oyd

28 935 30 948 ¹
78 963 201 1038 portent
214 957 399 1038 (postquam
419 975 485 1018 non
507 955 645 1020 viderint
665 969 707 1033 tc,
725 979 855 1040 aegrum
870 957 930 1022 erit
944 957 1003 1038 eis)
1020 959 1108 1020 Mab.
1130 965 1158 1033 1,
1180 964 1230 1020 14.

81 1062 151 1126 Cum
164 1060 328 1124 infinitivo
342 1059 444 1124 verbi:
460 1061 572 1144 pwcdp
579 1060 670 1145 ffoy
687 1063 800 1126 lluoad.
818 1071 925 1146 mpnet
939 1062 1054 1126 arthur
1067 1085 1132 1148 pay
1148 1063 1234 1146 {unq

81 1167 251 1252 bunnam
266 1164 414 1246 fugerant
428 1165 547 1248 copiae,
563 1165 608 1228 ire
622 1167 663 1228 A.
682 1168 722 1230 ad
736 1171 864 1250 navem)
881 1169 969 1232 Mab.
986 1174 1015 1244 2,
1032 1169 1105 1230 240.
1121 1168 1233 1251 pwedy

80 1271 139 1336 liud
154 1295 174 1357 y
194 1292 289 1354 qur
302 1270 447 1356 kynnyy
467 1272 558 1334 rodes
574 1275 757 1355 (postquam
771 1273 929 1336 occiderat
944 1273 1026 1334 viros
1042 1273 1111 1348 hos,
1130 1271 1232 1352 dedit)

79 1382 104 1452 2,
121 1381 190 1440 243.

151 1481 308 1550 Quamvis
329 1501 395 1546 non
417 1491 466 1546 cst
486 1481 570 1544 inter
584 1481 842 1566 praepositiones,
860 1493 1033 1565 usurpatur
1048 1492 1085 1546 ut
1100 1480 1231 1563 conjun-

77 1588 131 1652 ctio
154 1599 187 1652 21
213 1599 262 1652 cet
287 1587 430 1670 ejusdem
451 1586 695 1652 constructionis
719 1609 792 1650 cum
813 1588 973 1652 infinitivo
993 1609 1054 1652 vox
1077 1585 1233 1650 cambrica

75 1693 151 1756 NES
174 1697 288 1776 (prope
314 1691 419 1773 quodi
445 1691 468 1752 i.
494 1713 522 1754 e.
546 1691 665 1766 donec,
686 1691 750 1754 nisi
757 1717 767 1766 ;
792 1692 832 1754 cf.
857 1715 912 1755 1222
920 1741 930 1770 ,
955 1695 1067 1777 necas,
1091 1689 1230 1776 propior,
1293 1695 1298 1704 '

75 1798 243 1879 proximus,
260 1817 294 1879 p.
313 1800 406 1878 306):
428 1805 630 1882 myaachrct
642 1819 685 1879 ny
701 1795 844 1881 ckyrpas
851 1797 917 1860 hun
933 1797 1031 1882 lonyd
1043 1821 1097 1860 222
1109 1797 1235 1882 qudot

74 1901 213 1987 ckwedyl
225 1905 295 1985 (per
316 1904 412 1970 fidon
426 1923 542 1978 meam,
559 1924 625 1966 non
641 1902 795 1966 dormiam
810 1923 957 1966 somnum
972 1903 1115 1986 plenum,
1132 1904 1233 1964 donec

74 2007 162 2070 seiam
177 2008 346 2090 nuntium)
363 2010 451 2072 Mab.
472 2016 501 2084 1,
518 2013 590 2070 281.
608 2029 662 2070 nes
677 2009 776 2091 dyuot
785 2007 951 2091 pilearitia
966 2008 1101 2072 urentia
1109 2007 1233 2092 ffrcino

73 2133 111 2195 try
125 2111 208 2176 ielc'r
223 2113 323 2178 twrch
339 2113 454 2198 trwytlr
468 2112 543 2198 vytlr
554 2113 686 2176 hebdam
698 2114 812 2193 (donec
823 2112 930 2176 veniet
941 2113 983 2178 G.
998 2135 1055 2176 rex
1066 2111 1229 2187 Francius,

73 2237 133 2279 non
153 2217 298 2301 capietur
312 2219 351 2280 T.
369 2220 408 2281 Τ.
426 2217 495 2281 sine
516 2239 552 2280 eo
574 2220 731 2300 imquam)
749 2221 779 2293 2,
799 2221 871 2280 226.
896 2225 953 2301 nyt
974 2217 1108 2286 ornasti
1130 2217 1235 2302 kaffel

73 2321 192 2405 tlesritli
214 2346 236 2406 y
259 2323 349 2420 barop
369 2345 423 2386 nco
445 2321 552 2406 kaffcl
564 2321 676 2386 bochea
690 2322 806 2386 rinnon
822 2326 902 2404 (non
916 2334 1021 2406 potest
1035 2323 1106 2407 capi
1121 2323 1169 2386 lac
1184 2345 1231 2386 re·

73 2447 141 2492 cens
163 2427 277 2504 cuivis,
295 2427 358 2490 nisi
376 2437 544 2492 sumantur
557 2428 690 2511 lagenae
705 2429 765 2510 R.)
783 2432 812 2504 2,
832 2433 904 2490 225.
929 2451 971 2513 ny
987 2428 1104 2512 chcffir
1119 2429 1231 2492 madon

72 2532 146 2617 «syth
160 2556 215 2598 nes
238 2533 340 2617 caffd
351 2532 454 2598 eidoet
466 2536 545 2615 (non
560 2531 740 2598 invenietur
755 2535 802 2596 M.
820 2555 973 2617 unquam,
991 2533 1054 2598 nisi
1068 2533 1232 2598 invenitur
1289 2613 1293 2622 Ι

72 2637 124 2721 Ε.)
141 2643 171 2716 2,
191 2645 265 2702 222.

150 2744 215 2808 Ηί2
226 2742 505 2826 conjunctionibus
517 2743 613 2809 etiam
624 2745 862 2810 adnumeranda
871 2743 996 2808 videtur
1003 2746 1119 2807 cambr.
1131 2743 1230 2806 YNY

70 2850 197 2931 (donem
215 2859 253 2912 ut
272 2850 344 2916 adv.
361 2871 434 2932 pao,
453 2849 508 2925 ibi,
526 2872 543 2912 2
563 2871 671 2933 praep.
688 2853 763 2933 pn):
789 2849 1029 2932 aepolchassant
1048 2871 1112 2932 yny
1134 2856 1230 2932 21122-

71 2956 146 3038 29121
156 2963 325 3039 pynwynet
339 2975 378 3018 cr
393 2954 459 3018 dim
467 2955 631 3040 proponas
640 2957 686 3034 (et
697 2977 734 3020 ca
745 2955 903 3032 lavarunt,
918 2975 1015 3029 arma,
1030 2954 1129 3016 donec
1141 2963 1232 3016 erant

70 3081 165 3144 acque
186 3061 258 3126 siba
279 3081 317 3124 ae
331 3080 380 3123 res
395 3059 533 3125 maxime
548 3060 633 3141 alba)
649 3061 738 3126 Mab.
759 3067 788 3136 1,
807 3067 837 3122 4.
861 3061 971 3144 kymer
985 3081 1006 3144 y
1013 3057 1112 3141 fford
1124 3057 1227 3122 221221.

69 3187 132 3248 pay
156 3163 268 3250 dclpch
293 3186 334 3249 yr
355 3163 426 3230 koet
446 3168 551 3248 (sume
573 3165 658 3230 viam
679 3185 822 3242 sursum,
847 3165 946 3230 donec
969 3163 1091 3228 veneris
1114 3165 1154 3228 ad
1177 3165 1229 3230 sil-
1297 3201 1300 3208 ·

69 3274 153 3353 vam)
170 3279 198 3347 1,
218 3279 248 3336 6.

152 3377 303 3442 uomicae
315 3387 348 3442 at
358 3376 528 3440 armoricae
540 3387 616 3444 sunt
627 3375 790 3459 pauciores
801 3376 1048 3458 praepositiones
1061 3379 1228 3460 quaedam,

70 3503 149 3562 quac
162 3481 353 3545 adhibentur
366 3493 404 3545 ut
418 3481 669 3563 conjunctiones.

153 3587 360 3651 Carnicae.
392 3587 423 3649 A
444 3587 576 3669 (cambr.
600 3589 630 3667 o)
652 3585 890 3650 conditionalis:
921 3609 941 3650 a
959 3609 1005 3669 pe
1026 3609 1069 3670 yn
1092 3586 1177 3650 della
1196 3608 1231 3648 oc

70 3690 171 3774 neffrc
189 3715 232 3777 ny
251 3691 452 3776 oeansetltyc
468 3691 510 3771 (si
525 3691 570 3754 ita
584 3703 677 3768 essct,
696 3713 863 3774 nunquam
878 3703 990 3775 captus
1006 3695 1120 3773 essem)
1137 3693 1226 3754 Pass.

74 3801 125 3872 73,
143 3803 170 3858 l.
194 3819 214 3860 a
226 3819 272 3880 pe
293 3819 340 3860 ow
361 3796 432 3860 thus
455 3797 554 3881 tltewy
577 3819 652 3882 aym
667 3797 829 3880 delprscns
842 3820 886 3881 yn
902 3798 1005 3860 delma
1022 3797 1063 3879 (si
1078 3807 1160 3860 esset
1174 3819 1229 3880 po-

70 3900 165 3982 pulus
186 3923 286 3979 meus,
303 3901 384 3964 mihi
406 3903 555 3986 populus,
573 3925 639 3967 non
660 3903 863 3966 tradidissent
877 3925 928 3965 me
943 3903 1031 3966 vobis
1047 3903 1107 3964 hoc
1122 3902 1228 3980 modo)

73 4011 145 4081 102,
163 4011 191 4068 2.
221 4008 305 4071 Cum
326 4007 513 4090 negatione:
538 4031 580 4071 an
602 4029 637 4070 oc
658 4009 711 4070 bos
723 4009 800 4092 fato
820 4031 862 4071 aa
885 3999 1000 4072 deamo
1020 4029 1085 4092 ayn
1101 4008 1229 4070 dromon

71 4131 115 4192 ny
135 4110 187 4193 hyr
207 4113 279 4175 deso
295 4112 336 4194 (si
351 4135 417 4176 non
432 4123 515 4176 esset
529 4113 627 4176 falsus
643 4112 696 4175 hic
710 4113 769 4189 vir,
786 4135 852 4176 non
868 4113 1084 4176 attulissemus
1100 4113 1229 4175 eumad

70 4229 119 4289 te3
135 4245 176 4268 =
189 4241 209 4280 a
222 4239 302 4280 aava
318 4217 462 4301 bosseto,
481 4218 588 4281 sinon
604 4229 686 4280 essct
701 4239 768 4281 csse
784 4219 913 4299 falsum)
931 4225 983 4294 99,
1003 4223 1032 4280 2.

155 4323 243 4386 DRE
259 4325 381 4404 (dum):
406 4325 464 4387 dre
484 4345 558 4386 cons
573 4345 594 4407 y
609 4345 655 4386 ow
663 4324 794 4408 plentyc
808 4326 903 4386 Jecur
918 4345 961 4406 yn
977 4325 1051 4386 dore
1066 4345 1087 4384 a
1101 4323 1229 4405 scipsas

71 4427 160 4506 (dum
178 4429 367 4492 accrtsabant
387 4429 421 4506 ii,
439 4432 532 4494 Jesus
555 4431 589 4493 in
612 4429 715 4493 solum
738 4429 907 4509 scribebat)
923 4430 962 4490 P.
983 4435 1033 4504 33,
1054 4435 1083 4490 3.
1116 4429 1230 4490 Forma
