2978 5054
249 379 307 442 VI.
326 385 357 442 2.
389 397 979 443 consraucmoromrcaursrrnrcn.
1135 379 1194 439 921

185 555 275 610 Beato
293 547 297 634 Ι
318 551 428 611 Christi
447 547 451 634 Ι
471 551 599 612 custodit
614 545 625 634 ΙΙ
641 553 778 612 mandata
792 553 823 610 in
838 553 980 625 omnibus,

148 649 151 733 Ι
167 655 258 730 Cujus
275 649 279 734 Ι
296 673 384 730 opera
397 653 544 730 refulgent
560 647 570 734 ΙΙ
606 649 610 736 Ι
630 655 707 713 claro
721 655 797 714 inter
813 651 817 734 Ι
833 657 972 728 homines,

147 753 151 834 Ι
167 759 358 831 Sanctamque
374 757 459 832 cujus
479 751 483 837 Ι
503 763 666 831 sequuntur
682 751 693 838 Ι
709 758 874 833 exemplum
893 757 898 835 Ι
917 759 1077 828 mirificum,

144 858 226 915 Unde
241 864 271 915 et
284 857 316 914 in
331 857 419 916 coelis
433 865 545 934 patrem
561 852 572 941 Ι
608 852 612 942 Ι
631 859 818 934 magnificant
832 861 991 918 dominum.

124 1008 201 1071 Sunt
221 1009 267 1072 ita
289 1008 436 1093 strophae
451 1011 608 1093 usquead
623 1012 649 1074 Z
665 1033 739 1074 cum
754 1010 896 1074 versibus
911 1021 1059 1094 quatuor,
1076 1009 1111 1072 in
1126 1009 1195 1092 qui-

56 1115 101 1176 bus
118 1116 288 1178 membrum
305 1115 393 1198 prius
409 1113 552 1177 continet
566 1125 637 1178 octo
652 1115 800 1200 syllabas,
818 1115 974 1200 posterius
990 1125 1121 1200 septem.
1155 1117 1197 1178 In

55 1221 170 1282 mcundo
184 1241 276 1282 versu
290 1219 411 1303 primae
428 1219 576 1302 strophae
592 1219 784 1304 syllabarum
796 1220 877 1284 ratio
888 1221 1015 1284 Potrici
1025 1219 1127 1304 poscit
1138 1241 1195 1304 pro

54 1323 187 1399 Patricia·
204 1346 270 1388 non
287 1324 372 1387 enim
388 1325 481 1387 solita
496 1325 593 1388 estin
608 1326 659 1390 his
675 1325 765 1389 elisio
779 1326 948 1389 vocalium.

120 1432 192 1494 Post
206 1428 370 1514 stropham
392 1431 419 1492 Z
440 1431 526 1513 apud
547 1431 762 1496 Muratorium
784 1431 919 1512 (Aneod.
947 1429 1054 1494 Latin.
1073 1429 1136 1511 IV)
1152 1429 1195 1492 la-

51 1535 120 1618 p'tur
132 1535 263 1620 amplius
279 1535 369 1612 haec,
387 1537 427 1599 ab
442 1535 504 1600 alio
520 1536 607 1600 haud
621 1537 717 1601 dubie
731 1535 856 1600 addita:

217 1677 362 1734 Patricius
382 1669 386 1756 Ι
406 1677 559 1752 episcopus
575 1671 586 1760 Ι
621 1672 625 1758 Ι
645 1683 708 1734 oret
724 1695 777 1753 pro
791 1676 876 1734 nobis
896 1671 901 1758 Ι
920 1674 1062 1746 omnibus,

175 1781 217 1836 Ut
232 1777 386 1836 deleantur
405 1771 409 1859 Ι
428 1777 559 1852 protinas
576 1773 586 1861 ΙΙ
621 1772 625 1862 Ι
644 1785 764 1854 peccata
778 1797 853 1852 quae
869 1776 1075 1837 commisimus.

175 1879 283 1938 Patricl
298 1878 400 1936 laudes
418 1873 428 1962 Ι
464 1874 467 1961 Ι
488 1899 603 1956 semper
617 1881 755 1950 dicamus,

174 1985 217 2038 Ut
230 2000 287 2038 nos
303 2001 370 2039 cum
384 1981 435 2038 illo
452 1975 463 2063 ΙΙ
498 1975 502 2062 Ι
523 2001 637 2058 semper
651 1983 791 2039 vivamus.

47 2127 130 2191 Adest
141 2129 224 2192 enim
246 2129 346 2194 etiam
369 2127 500 2192 omnino
519 2127 661 2193 diversus
682 2129 874 2214 syllabarum
894 2149 1047 2198 numanis
1063 2141 1096 2194 et
1110 2151 1193 2194 asso-

47 2233 154 2298 nantiae
167 2236 275 2299 finalis
292 2237 416 2298 modus.
449 2236 490 2298 In
505 2235 629 2298 duobus
645 2234 802 2318 prioribus
818 2235 959 2298 versibus
970 2236 1093 2320 junctis
1108 2257 1193 2299 asso-

46 2338 138 2400 nantia
158 2341 341 2424 copulativa
362 2341 599 2424 monosyllaba,
624 2343 679 2406 sed
702 2341 834 2425 duplici,
860 2341 993 2424 quodvis
1015 2342 1194 2404 membrum

46 2455 101 2506 octo
114 2446 246 2530 syllabas
262 2457 422 2522 numerat,
436 2445 471 2508 in
482 2446 707 2530 posterioribus
715 2446 837 2530 junctis
849 2446 1031 2512 assonantia
1043 2445 1191 2530 simplici,

16 2591 17 2594 κ
46 2549 88 2610 scd
100 2550 259 2634 bisyllaba,
280 2551 414 2634 quodvis
429 2553 607 2614 membrum
623 2551 764 2636 quinque
780 2563 917 2616 tantum.

113 2657 349 2731 Columbanus,
377 2655 560 2720 hibernicus
595 2657 788 2735 monachus,
817 2657 1002 2722 monasterii
1027 2655 1193 2720 Bobiensis

44 2759 172 2826 tndamr
192 2762 290 2846 (obiit
310 2784 339 2824 a.
360 2765 453 2846 614),
472 2761 568 2825 etiam
589 2773 655 2826 arte
677 2763 801 2847 politica
826 2763 986 2826 excelluit.
1019 2761 1099 2846 Ejus
1126 2782 1193 2823 mo-

44 2869 169 2933 nosticha
202 2890 287 2954 quae
314 2877 443 2931 exstant
469 2879 593 2952 praeter
620 2868 754 2930 formam
783 2868 960 2932 hexametri
987 2866 1080 2931 latini
1108 2887 1193 2929 asso·

44 2973 167 3038 nuntiam
185 2973 386 3038 hibernicam
406 2995 481 3058 prae
504 2996 537 3038 se
559 2973 677 3050 ferunt,
700 2973 810 3057 paucis
833 2973 985 3057 exceptis.
1015 2971 1139 3055 Colligo
1153 2993 1193 3034 ex

44 3075 79 3140 cis
96 3081 190 3164 magis
205 3081 307 3164 digna
321 3101 402 3163 quae
416 3079 617 3164 proferantur
632 3081 809 3143 secundum
823 3079 996 3144 editionem
1010 3078 1045 3142 in
1061 3076 1193 3141 Gallan-

44 3181 78 3245 dii
90 3185 167 3250 Bibl.
185 3199 270 3272 patr.
289 3189 357 3269 (12,
378 3191 438 3248 355
451 3187 532 3267 sq.):

133 3329 181 3384 11.
207 3327 352 3387 Omnibus
368 3333 413 3385 est
432 3319 436 3410 Ι
455 3329 558 3388 mundi
578 3323 581 3410 Ι
601 3325 703 3384 melior
718 3325 861 3400 sapientia
874 3326 964 3402 gazis.

134 3429 181 3487 16.
209 3427 212 3510 Ι
230 3429 333 3486 Morbi
346 3449 434 3488 causa
452 3430 458 3507 Ι
476 3429 549 3488 mals'
561 3429 651 3486 nimia
666 3434 711 3485 est
727 3445 918 3503 quaecunque
933 3427 1078 3504 voluptas.

131 3530 181 3588 26.
208 3535 340 3591 Octoncs
355 3533 473 3590 studeas
492 3533 497 3608 Ι
516 3531 652 3588 vitiorum
672 3525 676 3612 Ι
695 3531 809 3588 vincere
824 3537 944 3587 turmas.

131 3631 181 3690 28.
208 3631 212 3716 Ι
231 3636 349 3710 Lingua
363 3653 430 3691 suos
444 3635 551 3692 habeat
566 3633 661 3691 henos
674 3633 706 3690 in
721 3633 806 3690 corda
827 3627 830 3714 Ι
849 3633 962 3708 ligatos.

132 3737 180 3795 52.
206 3737 314 3795 Inclita
333 3734 338 3811 Ι
356 3741 528 3812 perpetuom
547 3730 551 3818 Ι
570 3739 699 3812 praestat
718 3733 723 3810 Ι
742 3735 883 3810 patientia
896 3735 996 3792 vitum.

134 3842 184 3897 54.
209 3838 352 3914 Egregios
366 3839 453 3896 faciet
472 3833 476 3919 Ι
495 3838 601 3895 mentis
617 3837 780 3896 constantia
800 3829 804 3914 Ι
823 3853 924 3891 mores.

132 3941 182 3999 88.
209 3939 299 4004 Quod
314 3939 367 3998 tibi
381 3959 441 3997 non
460 3941 465 4018 Ι
485 3949 568 4017 optus
586 3939 592 4016 Ι
612 3939 664 3997 olii
676 3959 712 3996 ne
729 3935 832 3996 leceris
852 3929 856 4016 Ι
875 3933 941 3992 ullr'.

114 4045 182 4100 100.
211 4037 214 4122 Ι
231 4043 322 4099 Disce
337 4043 422 4101 seda
441 4037 445 4124 Ι
465 4043 568 4112 doctis,
592 4036 746 4124 {indoctos
766 4033 770 4119 Ι
790 4038 853 4113 ipse
873 4037 878 4112 Ι
898 4039 1011 4095 doceto.

115 4145 183 4202 102.
211 4141 215 4224 Ι
234 4147 335 4203 Sermo
350 4145 435 4202 datur
449 4144 560 4214 multis,
580 4142 668 4201 animi
687 4139 692 4216 Ι
712 4139 854 4217 sapientia
868 4138 979 4214 paucis.

115 4245 183 4304 127.
212 4243 215 4327 Ι
233 4249 295 4304 Pax
314 4245 319 4321 Ι
337 4264 439 4322 precor
453 4245 531 4304 alma
549 4239 553 4326 Ι
573 4253 624 4304 tuo
644 4239 648 4326 Ι
667 4243 781 4320 placeat
800 4235 804 4322 Ι
822 4241 877 4298 'tibi
893 4259 1007 4315 semper
1022 4239 1052 4297 in
1068 4259 1127 4298 ore.

117 4349 184 4405 138.
212 4343 216 4428 Ι
233 4349 302 4405 Una
316 4349 374 4406 dies
389 4349 486 4424 qualos
501 4347 609 4406 fuerint
628 4341 632 4426 Ι
653 4343 781 4402 ostendit
800 4341 805 4418 Ι
824 4343 943 4400 amicos.

116 4451 184 4506 159.
212 4451 301 4508 Alma
320 4445 324 4530 Ι
344 4451 402 4507 dics
416 4459 531 4508 noctem
547 4450 687 4524 sequitur,
708 4447 750 4505 sic
769 4445 774 4522 Ι
794 4446 870 4503 dona
885 4445 1004 4502 labores.
1048 4523 1052 4532 .
