3056 5048
288 375 350 438 632
409 407 418 420 ·
530 379 589 442 IV.
610 385 639 441 2.
671 399 1205 448 66166666106666666666616.

288 547 425 629 meaml)
444 555 515 627 158,
535 557 572 627 9;
598 551 654 614 sed
675 549 787 616 etiam:
811 573 860 615 me
883 553 938 616 uia
954 553 1083 618 bremun
1099 555 1156 618 dre
1171 577 1213 617 aa
1229 553 1284 618 bro
1300 555 1353 634 (eo
1368 575 1451 616 nune

288 675 345 736 per
363 655 538 738 regionem)
556 663 586 734 6,
604 663 653 720 12.
679 659 810 743 deomny
827 658 937 723 tizmat
951 661 1008 722 dre
1023 683 1066 723 an
1082 662 1214 724 eoatdou
1229 663 1353 742 (eamus
1368 659 1451 724 illico

287 782 344 843 per
359 761 467 843 silvas)
485 767 536 839 32,
558 770 607 826 19.
637 765 695 826 dre
719 787 772 827 ma
797 765 874 842 han,
897 767 954 828 dre
979 787 1033 828 ma
1058 765 1177 850 hunfre
1199 768 1269 850 (per
1294 766 1451 828 somnium

281 865 406 943 meum,
425 868 530 951 video)
547 877 577 946 4,
600 875 649 932 18.
670 877 721 946 30,
742 877 792 932 10.

374 989 457 1052 Cum
479 991 666 1072 pronomine
687 993 802 1055 suffixo
826 1001 855 1055 3.
880 1015 963 1077 pers.
982 993 1065 1078 sing.
1083 995 1178 1058 fem:
1204 995 1309 1058 dreizt‘
1330 997 1388 1058 doe
1410 995 1451 1058 aa

288 1095 366 1179 deay
389 1117 409 1156 a
430 1095 574 1180 supliaff
582 1101 652 1180 (per
672 1119 752 1175 eam,
771 1099 946 1175 fontanam,
964 1111 1001 1162 ut
1015 1123 1118 1176 saner,
1136 1101 1232 1164 deum
1247 1111 1280 1163 et
1294 1101 1451 1164 Davidem

287 1201 381 1263 orabo
389 1225 398 1276 ;
422 1201 611 1284 impressum
632 1204 756 1288 dreizif
763 1205 999 1268 emendandum
1014 1206 1117 1269 dreizi
1125 1206 1194 1290 jam
1209 1208 1249 1270 ob
1264 1208 1450 1290 praeeeden·

287 1316 352 1370 tem
366 1307 552 1390 rhythmum
564 1309 696 1395 quality)
713 1309 798 1372 Buh.
820 1317 890 1387 106,
910 1317 961 1374 27.

373 1435 403 1492 2.
435 1431 780 1515 Praepositiones
810 1433 1119 1518 monosyllabae
1148 1434 1388 1498 desinentes
1409 1435 1447 1498 in

287 1555 503 1613 consonas,
527 1537 776 1620 incipientes
804 1561 824 1601 a
852 1539 1080 1603 vocalibus:
1106 1563 1155 1619 ar,
1173 1539 1350 1626 er,yr,ia,
1370 1541 1398 1604 ie
1419 1553 1448 1604 et

286 1640 357 1716 ach,
376 1663 414 1704 ac
429 1644 489 1724 (a),
507 1643 578 1720 aad,
596 1653 640 1721 at,
659 1666 722 1708 am.

370 1765 432 1828 AR
449 1765 586 1847 (hibern.
604 1789 653 1845 ar,
672 1769 722 1845 ad,
741 1771 851 1853 apud),
870 1769 1025 1833 cambrica
1047 1769 1146 1834 forma
1161 1769 1333 1854 primitiva,
1352 1769 1446 1852 signi-

285 1870 466 1934 ficationem
487 1873 682 1956 primitivam
704 1875 750 1936 ad
762 1876 801 1936 de
816 1875 896 1952 loco,
915 1877 1029 1939 tamin
1043 1875 1208 1938 intellectu
1224 1875 1339 1958 quietis
1354 1897 1447 1958 quam

284 1986 357 2057 post
372 1979 465 2040 verba
480 1979 641 2055 motionis,
658 1979 693 2042 in
709 1979 785 2043 alias
801 1981 953 2063 quasdam
969 1980 1074 2058 vertit,
1089 1993 1184 2064 atque
1200 1981 1295 2044 etiam
1312 2003 1370 2064 pro
1385 1979 1445 2056 his,

284 2101 312 2142 e.
329 2104 378 2166 gr.
395 2105 452 2167 pro
467 2085 523 2148 lat.
535 2095 670 2168 propter
684 2096 716 2149 et
724 2109 799 2168 pra,
817 2085 851 2147 in
867 2085 944 2150 alias
959 2085 1086 2163 formas,
1105 2089 1166 2150 ER
1180 2099 1212 2150 et
1227 2088 1303 2164 YR,
1321 2087 1444 2150 transit.

369 2212 525 2295 Exempla
546 2211 787 2294 significationis
809 2212 917 2276 localis
941 2233 958 2274 e
980 2211 1060 2275 libro
1075 2213 1294 2276 Laudavensi:
1320 2211 1352 2275 ir
1364 2213 1448 2296 sord

284 2339 323 2380 ar
346 2318 441 2394 tradi,
459 2318 490 2380 ir
511 2319 557 2382 rit
577 2339 616 2380 ar
639 2318 732 2394 tradi,
750 2319 796 2382 rit
817 2317 923 2402 ayuein
938 2339 978 2380 ar
994 2319 1079 2382 tradi
1093 2318 1168 2398 (via,
1188 2320 1306 2382 vadum
1321 2320 1362 2382 ad
1378 2319 1443 2394 Tr.,

283 2425 400 2488 vadum
416 2424 444 2486 I.
463 2425 503 2486 ad
519 2425 587 2499 Tr.,
606 2423 754 2506 fluvium)
774 2430 844 2486 192.
865 2429 937 2486 218.
955 2446 1045 2506 pena
1067 2423 1098 2486 ir
1120 2425 1218 2488 claud
1238 2446 1277 2488 ar
1291 2425 1360 2488 ua'ac
1376 2424 1446 2505 (ini-

284 2529 366 2591 tium
388 2529 490 2592 fossae
511 2531 551 2591 ad
567 2530 684 2611 Iscarn)
701 2535 773 2592 216.
806 2531 834 2592 Ε
851 2531 958 2593 Mab.:
984 2529 1155 2592 haeretios
1170 2552 1209 2593 ar
1224 2552 1309 2614 wyse
1325 2529 1445 2612 (civitas

283 2634 445 2717 legionum
466 2636 507 2698 ad
522 2636 640 2718 Iscam)
660 2642 688 2712 1,
710 2643 738 2698 1.
759 2634 989 2718 qwallanfford
1008 2655 1047 2698 ar
1066 2657 1087 2718 y
1104 2642 1137 2698 tu
1153 2633 1252 2698 deden
1268 2635 1308 2698 itt
1322 2635 1388 2716 (via
1401 2634 1444 2696 di-

283 2739 351 2802 visa
365 2741 405 2804 ad
420 2741 505 2803 latus
520 2742 669 2804 dextrum
685 2739 757 2824 tibi)
773 2748 800 2818 l,
817 2748 847 2804 6.
865 2761 939 2826 ary
955 2739 1071 2824 lleehy
1087 2761 1157 2802 mae
1169 2739 1259 2803 kawo
1270 2751 1389 2826 aryant
1400 2741 1422 2822 ('

282 2845 405 2929 lapide,
431 2868 531 2934 super¹
546 2845 685 2930 lapidem
706 2857 754 2908 est
775 2845 852 2908 lanx
872 2848 1034 2928 argentea)
1054 2852 1081 2921 1,
1102 2851 1132 2908 8.
1158 2867 1197 2908 αν
1218 2868 1277 2908 uor
1292 2868 1333 2910 ar
1353 2870 1375 2932 y
1393 2846 1442 2920 tir,

282 2973 323 3014 ar
346 2973 402 3016 aar
424 2974 462 3014 ae
488 2974 526 3014 ar
554 2951 596 3016 tir
619 2955 715 3032 (terra
740 2952 897 3034 marique)
914 2958 951 3028 2,
971 2957 1044 3014 235.
1064 2957 1093 3027 3,
1113 2957 1186 3013 270.
1222 2951 1302 3014 Inde
1327 2949 1444 3033 aliquid

282 3057 405 3120 deflexa
437 3056 686 3140 significatione:
720 3057 879 3141 plewlwyt
911 3058 970 3120 oed
998 3079 1060 3141 pao
1086 3077 1125 3118 ar
1149 3056 1256 3120 areint
1280 3057 1444 3138 portdawr

283 3162 351 3240 (Gl.
367 3171 434 3224 erat
449 3161 493 3223 ibi
508 3163 548 3224 ad
563 3161 660 3224 ritum
674 3163 816 3245 portarii,
830 3174 867 3226 ut
881 3163 1053 3246 portarius)
1069 3169 1097 3239 1,
1115 3167 1143 3222 1.
1162 3163 1230 3224 dwc
1242 3161 1352 3226 ditham
1364 3167 1444 3246 wynt

281 3288 357 3350 yma
371 3276 520 3352 pyymryt
534 3267 660 3352 dipawn
676 3290 716 3332 ar
730 3268 861 3354 uypkost
874 3267 897 3330 i.
919 3315 925 3329 .
944 3315 951 3330 .
970 3267 1011 3351 ef
1019 3289 1055 3330 ae
1070 3268 1132 3330 duo
1145 3289 1208 3352 yno
1221 3291 1243 3353 y
1256 3263 1442 3352 996661ᾱὶ-

279 3393 373 3456 9666
396 3381 504 3456 arpost
522 3373 647 3456 yerea'nt
661 3375 776 3453 (adduc
799 3395 852 3436 eos
874 3373 938 3436 huc
961 3384 998 3436 ut
1020 3384 1069 3436 sat
1089 3372 1246 3457 accipiant
1267 3373 1442 3436 adsumtae

281 3499 379 3553 meos,
398 3478 553 3542 sumtibus
576 3479 665 3554 meis,
687 3489 772 3542 ..et
794 3479 887 3544 duxit
909 3479 987 3542 illuc
1010 3479 1188 3543 tractandos
1212 3477 1372 3541 sumturus
1388 3478 1441 3556 G.)

283 3588 313 3658 2,
332 3589 384 3646 45.
402 3605 461 3668 nys
476 3605 514 3668 ry
530 3585 571 3668 es
579 3607 613 3646 oe
628 3585 693 3647 uod
705 3607 766 3648 aaa
781 3607 821 3646 ar
835 3585 935 3648 worth
950 3605 1010 3648 aaa
1024 3606 1068 3668 yn
1083 3587 1147 3647 rad
1160 3585 1239 3666 (non
1255 3583 1344 3648 dabit
1360 3604 1438 3656 eum,

279 3687 433 3770 gladium,
452 3689 560 3754 volens
575 3711 634 3752 nec
649 3711 706 3772 pro
720 3690 822 3774 pretio
837 3712 896 3753 nec
911 3701 948 3753 ut
963 3691 1097 3771 donum)
1116 3695 1145 3766 2,
1166 3695 1238 3752 227.

365 3811 520 3894 Exempla
538 3811 733 3894 significatae
754 3811 903 3876 motionis
926 3813 966 3874 ad
988 3811 1109 3874 locum:
1136 3811 1262 3894 abycko
1278 3813 1376 3894 pawn
1390 3811 1438 3894 dy-

276 3917 420 4000 qudaw
439 3939 461 4001 y
481 3917 545 4001 nef
561 3939 639 4002 ary
663 3919 767 4002 dapar
782 3917 946 4000 (cogitabit
966 3917 1099 4000 quisque
1114 3915 1257 3980 decidere
1273 3916 1394 3978 eoelum
1408 3913 1438 3975 in

279 4025 407 4102 terram)
424 4023 512 4084 nab.
532 4027 562 4099 2,
582 4028 655 4086 227.
679 4023 778 4086 owein
794 4021 929 4086 adramis
945 4024 1093 4105 dymawt
1109 4070 1117 4084 .
1138 4069 1145 4083 .
1165 4029 1244 4106 trwy
1259 4044 1280 4106 y
1296 4021 1391 4084 Ιενοωι
1403 4039 1439 4082 ar

277 4125 332 4210 atq
353 4147 392 4189 ar
413 4147 540 4210 aeqwrn
562 4127 617 4207 (Ο.
642 4127 727 4190 feriit
749 4129 845 4210 plaga
865 4148 921 4210 per
944 4137 1051 4188 cutem
1073 4128 1114 4189 ad
1136 4147 1264 4190 earnem
1286 4137 1319 4188 et
1339 4129 1386 4204 os)
1400 4125 1434 4206 11,

281 4237 330 4292 13.
356 4231 449 4292 bwrw
473 4230 610 4314 aaroqeit
631 4253 667 4294 or
690 4234 777 4316 dwfr
798 4253 877 4315 ary
900 4231 980 4296 llaelt
1002 4231 1148 4311 (fundere
1172 4231 1297 4294 lancem
1318 4231 1438 4314 plenam

274 4358 356 4419 aqua
371 4357 465 4419 super
480 4337 631 4419 lapidem)
650 4344 678 4412 1,
701 4347 749 4399 13.

359 4457 461 4521 Matio
477 4457 632 4521 contraria
647 4480 665 4522 a
680 4459 748 4522 loco
764 4458 962 4541 significatur
977 4457 1150 4541 praemissa
1165 4477 1274 4540 praep.
1291 4457 1378 4540 y(=
1389 4451 1430 4526 di,
