3082 5070
604 365 776 410 ADDENDA.

278 523 403 600 lAudite
420 517 540 602 lbonum
558 517 737 602 lexemplum
754 515 764 601 l
783 501 945 600 {benedicti
957 519 1094 596 pauperis

277 623 440 704 lCamelaci
456 619 647 704 >camussia
667 618 677 704 ΙΙ
694 623 745 680 dei
754 623 833 698 justi
847 622 960 680 famuli.

276 727 465 806 lExemplum
480 727 601 800 praebet
615 727 645 784 in
661 731 722 784 toto
740 720 750 805 ll
767 725 861 783 fidelis
875 725 907 782 in
924 721 1023 802 lopere

175 833 179 840 '
277 830 335 905 [Et]
354 830 462 904 gratias
478 830 533 885 deo
551 823 654 908 legens
671 821 681 906 fl
700 821 814 906 {hilaris
829 829 860 884 in
877 823 1063 907 {omnibusl

194 979 318 1048 erinas
335 977 368 1039 in
384 975 553 1060 prioribus,
569 985 715 1060 septenas
732 975 765 1037 in
781 977 1008 1058 posterioribus
1023 977 1171 1040 membris
1184 980 1277 1064 sylla-

100 1090 160 1150 bas
183 1084 323 1148 ostendit
347 1085 499 1166 Hymnus
520 1081 734 1163 apostolorum
751 1085 797 1165 (p.
818 1087 903 1164 129),
923 1083 1116 1166 compositus
1132 1084 1277 1150 distichis

100 1215 179 1256 cum
201 1189 384 1254 assonantia
405 1185 495 1250 finali
517 1197 573 1249 aut
588 1187 802 1272 contraposita
816 1201 873 1251 aut
888 1189 1079 1272 copulativa,
1098 1191 1184 1254 utin
1200 1205 1277 1256 stro-

98 1301 177 1382 phis
197 1307 207 1359 l
229 1309 262 1360 et
278 1303 312 1358 8:

274 1451 445 1532 lPrecamur
461 1446 584 1531 lpatrem
600 1445 611 1531 11
627 1469 722 1526 regem
737 1451 973 1527 omnipotentem,

273 1563 303 1614 et
318 1557 336 1613 J
339 1575 419 1612 esum
436 1552 595 1622 Christum,
617 1547 627 1634 ll
646 1547 792 1630 lsanetum
807 1573 924 1628 quoque
942 1551 1099 1634 lapiritam.

272 1659 422 1716 Tenebrae
438 1673 526 1730 super
542 1649 553 1736 ll
572 1651 653 1734 laute
668 1663 751 1712 erant
767 1649 926 1734 labyssum,

272 1781 360 1836 quam
374 1759 499 1816 radiaret
515 1751 525 1838 ll
541 1759 652 1832 primus
670 1753 744 1838 ldies
762 1751 896 1837 ldierum.

192 1907 313 1970 Eodem
328 1909 422 1969 modo
438 1905 631 1988 compositus
646 1915 695 1968 est
707 1899 879 1989 “Hymnus
895 1910 1023 1990 quando
1039 1913 1276 1977 communicant

101 2009 298 2078 sacerdotcs”
316 2017 362 2097 (p.
384 2019 470 2094 132),
489 2011 661 2095 incipiens:

272 2169 386 2250 [Sancti
401 2171 505 2236 venite,
526 2165 536 2250 ll
556 2168 681 2227 'Christi
698 2165 817 2248 lcorpus
849 2171 962 2242 sumite,

272 2269 418 2352 lsanctum
434 2273 574 2340 bibentes,
595 2265 606 2352 ll
623 2291 681 2346 quo
696 2255 829 2340 redemti,
851 2269 1042 2350 lsanguincm.

194 2421 350 2484 Usitatius
363 2431 500 2482 metrum
512 2419 713 2482 bibcruicurn
725 2429 927 2502 septenarum
940 2423 1133 2504 syllabarum
1146 2427 1178 2489 iu
1191 2441 1275 2492 utro-

100 2549 166 2612 que
181 2529 323 2590 membro
339 2527 476 2588 offerunt
491 2523 539 2588 “V
542 2525 668 2588 crsiculi
683 2525 823 2588 familiae
837 2523 1014 2589 Bcuchuir''
1032 2531 1077 2612 (p.
1097 2539 1182 2612 156),
1197 2558 1276 2618 quos

99 2637 144 2696 ob
166 2632 383 2696 assonantiam
406 2631 618 2714 copulativam
640 2630 812 2714 duplicem,
832 2653 912 2714 quae
930 2635 1040 2696 eadem
1058 2647 1105 2700 cst
1120 2639 1275 2723 bisyllaba

100 2739 199 2824 plena
217 2739 265 2800 vel
281 2739 423 2814 dimidia,
442 2738 597 2822 proferam
613 2759 742 2800 omnes:

173 2925 185 2951 ⁶
204 2923 339 2994 Corrgruit
351 2939 412 2975 cum
425 2922 476 2974 hoc
489 2929 584 2988 metro,
594 2929 623 2976 et
635 2939 696 2976 cum
708 2941 772 2978 mox
784 2923 909 2995 sequenti
921 2925 1064 2994 qubrarum
1074 2928 1236 2998 syllabarum
1247 2932 1275 2985 in

100 3010 190 3080 primo
203 3009 332 3074 membro,
344 3017 515 3078 septenarum
528 3009 556 3062 in
570 3009 698 3076 secundo,
709 3018 825 3062 metrum
839 3010 952 3062 latinum
966 3013 1115 3066 tetranretri
1128 3015 1275 3070 catalectici

100 3105 130 3150 et
148 3096 263 3148 trimetri
283 3095 422 3148 acatalecti
438 3093 482 3164 (cl.
502 3093 621 3164 Zumptii
643 3093 762 3148 Gramm.
780 3097 802 3160 §.
818 3097 877 3146 833.
894 3095 964 3165 stt).
992 3097 1119 3151 Occurrit
1135 3099 1204 3153 illud
1218 3103 1275 3172 jam

98 3181 176 3252 apud
189 3181 314 3246 comicos,
325 3181 373 3234 sed
384 3179 479 3250 purius
491 3179 564 3249 apud
572 3179 763 3232 Terentianum
772 3179 909 3245 Maurum,
920 3181 997 3252 cujus
1007 3191 1071 3235 sunt
1081 3199 1103 3235 e.
1114 3201 1155 3254 gr.
1168 3203 1275 3241 versus:

369 3297 434 3336 Nulla
445 3309 487 3336 vox
498 3297 593 3336 bumana
604 3301 687 3337 constat
694 3299 707 3342 ΙΙ
715 3299 797 3346 absque
805 3303 885 3347 septem
896 3299 971 3350 literis,

368 3369 417 3408 Rite
428 3369 511 3408 vocales
523 3369 607 3408 vocarit
615 3371 627 3415 ΙΙ
635 3381 689 3418 quas
700 3371 802 3420 magistra
813 3371 908 3410 Graccis.

100 3469 152 3522 Vel
165 3469 192 3522 in
207 3469 338 3534 versibus,
349 3487 417 3539 quos
430 3469 587 3522 cecinerunt
598 3469 698 3522 milites
709 3471 830 3524 Caesaris
844 3473 871 3524 in
885 3473 1023 3542 triumpho
1036 3474 1143 3544 gallico,
1154 3483 1185 3530 ut
1197 3477 1277 3530 relect

100 3554 252 3608 Suetonius
270 3555 298 3606 in
311 3555 367 3608 Jul.
383 3555 459 3608 Caes.
474 3571 498 3606 c.
512 3559 561 3606 te:
582 3552 686 3608 Gallico
704 3557 842 3626 triumpho
855 3558 954 3611 milites
967 3559 1025 3629 ejus
1039 3559 1109 3613 inter
1122 3568 1211 3614 cetera
1223 3581 1278 3614 car-

100 3639 184 3702 mina,
206 3639 296 3708 qualia
315 3658 423 3693 currum
441 3647 634 3710 prosequentes
650 3640 809 3710 joculariter
828 3653 937 3708 canunt,
961 3645 1041 3697 etiam
1061 3645 1277 3716 vulgatissimum

100 3725 171 3778 illud
184 3725 444 3794 pronuntiaverunt:

370 3849 452 3888 Gallias
463 3849 541 3890 Caesar
551 3851 646 3902 subegit,
655 3852 667 3897 ΙΙ
676 3851 801 3892 Nicomedes
813 3853 933 3894 Caesarem.

369 3921 425 3960 Ecce
436 3921 514 3960 Caesar
524 3933 581 3962 nunc
591 3923 718 3972 triumphat,
727 3922 739 3970 lt
748 3925 786 3974 qui
796 3926 881 3976 subegit
892 3927 987 3974 Gallim

368 3991 495 4031 Nicomedes
505 4003 548 4031 non
559 3993 685 4042 triumphat.
694 3995 707 4040 ll
715 3997 752 4045 qu
764 3998 850 4049 subegit
860 3999 980 4038 Caesarum.

102 4093 152 4148 Vel
167 4112 236 4164 quos
249 4093 328 4146 offert
340 4091 412 4144 idem
425 4091 505 4145 etiam
519 4091 618 4148 ibidem
633 4114 656 4148 c.
672 4101 720 4150 802

369 4217 442 4256 Gullm
453 4219 533 4258 Caesar
543 4219 565 4260 iu
575 4220 709 4270 triumphum
718 4224 731 4269 ΙΙ
738 4222 806 4272 ducit,
817 4222 882 4262 iidem
896 4223 918 4262 in
929 4223 989 4264 euris

371 4289 428 4328 (iulii
439 4291 514 4330 bracas
524 4291 679 4342 deposuerunt,
687 4295 700 4338 ΙΙ
709 4295 777 4332 istum
788 4295 872 4334 clavum
881 4299 1012 4336 sumserunt.

102 4388 258 4442 Fortuitsm
277 4405 336 4442 esse
354 4389 424 4442 hsuc
443 4391 662 4460 congruentiam,
684 4411 739 4446 non
757 4401 951 4449 transsumtum
971 4397 1140 4452 hibernicum
1153 4405 1279 4462 metrum,

103 4481 213 4544 praeter
232 4475 415 4528 menantium
434 4475 599 4530 hibernicam
614 4480 771 4548 comprobat
784 4480 854 4534 idem
868 4489 983 4536 metrum
996 4483 1023 4536 in
1038 4484 1175 4538 hodiemis
1188 4483 1283 4554 populi
