3056 5048
316 331 377 396 IV.
396 335 426 392 2.
455 348 739 396 emmosrrrosns
754 349 991 394 narrnunrces.
1176 331 1235 394 621

87 497 138 560 bss.
156 501 215 559 34¹.
245 497 405 564 οἰωόοναί
430 497 638 562 docidddetor
654 496 724 582 sisi
748 498 820 560 doit
847 505 879 560 at
902 497 1045 583 dote’aqat
1067 497 1160 582 anqil
1183 521 1239 562 aa·

87 602 205 666 uotum
226 603 417 668 nichretidei
431 603 489 685 (gl.
507 623 601 666 nemo
620 623 675 666 vos
691 603 821 666 seducat
835 603 944 668 volens
960 604 994 666 in
1010 603 1192 666 humilitate
1208 617 1241 668 et

85 707 224 790 religione
246 710 445 792 angelorum,
468 708 591 772 Coloss.
611 712 627 768 2
638 754 648 783 ,
669 713 726 782 183
749 707 772 770 i.
790 729 818 770 e.
842 709 986 790 quamvis
1009 709 1131 784 dicunt,
1155 709 1240 791 quod

86 813 295 876 demonstrant
311 814 469 898 sapientes
485 813 542 889 eis,
560 823 594 876 et
608 823 687 876 eunt
702 812 808 895 angeli
822 813 863 875 ad
878 834 942 890 eos,
959 835 1000 874 ne
1015 813 1146 895 credite)
1162 815 1237 878 Wb.

88 923 141 980 27¹.
170 918 308 982 Confero
328 919 378 982 his
399 917 542 982 formulis
564 916 633 980 sine
653 917 885 1001 praepositione
906 916 1000 980 aliam
1022 915 1057 980 in
1073 919 1147 980 Wb.
1169 923 1236 981 16²:
1342 910 1347 918 ’

86 1021 153 1105 nipe
173 1025 251 1106 lupa
274 1023 449 1088 acbuitsidi
469 1023 527 1105 (gl.
551 1021 607 1106 qui
628 1021 789 1086 modicum
810 1021 941 1099 habuit,
965 1044 1032 1086 non
1052 1022 1237 1100 minoravit;

85 1127 104 1189 i.
119 1149 145 1190 e.
161 1149 229 1190 non
251 1138 320 1190 erat
340 1127 448 1192 minus
462 1138 608 1212 respectu
623 1126 747 1210 hujus),
764 1148 821 1209 pro
836 1149 899 1212 qua
913 1149 987 1192 cum
1002 1127 1095 1192 solita
1108 1150 1239 1212 praepo-

86 1232 186 1296 sitione
202 1254 244 1296 ar
258 1234 473 1315 exspectanda
487 1242 570 1296 esset
584 1229 808 1296 araclcitsids'.

529 1521 778 1534 ’,μὴ-

242 1844 297 1914 ΙΙ.
352 1843 730 1938 Praepositiones
762 1843 1070 1916 britannicae.

336 2075 378 2137 A.
411 2073 750 2158 Praepositiones
775 2073 975 2157 propriae.

161 2292 246 2355 Sunt
266 2291 345 2354 item
363 2292 598 2376 monosyllabae
612 2292 663 2356 vel
678 2291 862 2375 bisyllabae,
880 2302 918 2354 ut
931 2291 1122 2370 hibernicae,
1144 2305 1240 2379 atque

83 2395 248 2478 plurimam
268 2406 393 2480 partem
413 2398 551 2473 eaedem,
568 2395 678 2480 paucis
694 2396 845 2480 exceptis,
864 2417 944 2478 quae
960 2410 1036 2458 sunt
1050 2396 1177 2480 ignotae
1192 2399 1240 2462 hi-

83 2501 221 2565 bernicae
241 2501 384 2584 linguae.
416 2501 467 2564 Ob
488 2501 546 2563 has
566 2513 661 2584 atque
683 2503 723 2564 ob
744 2500 912 2585 penuriam
926 2500 1070 2563 flexionis
1086 2503 1240 2566 britanni-

83 2625 142 2682 eae,
158 2617 287 2689 propter
309 2624 405 2686 quam
427 2627 518 2668 casus
540 2605 812 2669 substantivorum
829 2617 902 2690 post
916 2604 1163 2688 praepositiones
1178 2607 1241 2670 bri·

85 2711 220 2773 hunicus
240 2709 386 2791 dignosci
407 2731 473 2772 non
494 2721 640 2793 possunt,
662 2733 727 2774 non
749 2731 925 2793 congruum
945 2710 1081 2784 videtur,
1103 2713 1240 2776 eundem

84 2811 219 2874 ordinem
241 2834 376 2890 servare,
401 2825 439 2877 ut
460 2815 495 2877 in
517 2814 700 2878 hibernicis.
732 2815 1014 2878 Enumerabuntnr
1036 2812 1111 2875 inde
1131 2836 1241 2878 mono-

86 2915 215 2995 syllabae
225 2917 367 3000 primum
379 2918 563 2981 terminatae
574 2919 747 2996 vocalibus,
758 2919 833 2982 dein
844 2917 1002 2993 consonis,
1017 2916 1137 2980 ratione
1148 2941 1241 3001 porro

84 3016 115 3081 in
135 3021 184 3084 his
203 3022 313 3085 habita
334 3045 483 3086 sonorum
503 3045 523 3084 a
543 3022 658 3104 quibus
680 3023 890 3098 inchoantur;
915 3022 951 3084 in
972 3023 1036 3084 fine
1054 3021 1237 3104 bisyllabae.

86 3123 209 3188 Formae
225 3127 260 3190 in
276 3127 378 3190 titulis
394 3128 576 3190 scribuntur
590 3127 776 3204 cambricae,
790 3127 826 3189 in
840 3126 985 3210 plurimis
1001 3125 1121 3190 scilicet
1134 3127 1169 3189 in
1181 3127 1241 3191 hac

85 3227 188 3312 lingua
202 3231 315 3314 purius
330 3243 482 3295 servatae.

165 3335 333 3420 Proprium
347 3347 396 3398 est
416 3335 517 3399 tribus
538 3335 691 3414 dialectis,
711 3348 777 3400 tam
795 3335 968 3400 cambricae
984 3357 1080 3418 quam
1099 3337 1242 3400 comicae

86 3447 115 3498 et
134 3441 312 3516 armoricae,
337 3441 539 3523 praemittere
562 3441 752 3524 quibusdam
773 3441 1058 3524 praepositionibus
1080 3463 1186 3526 praep.
1208 3441 1245 3504 di

87 3541 143 3623 ll),
161 3565 237 3626 quae
259 3545 415 3607 cambrice
437 3547 515 3608 adeo
537 3547 673 3628 amplius
695 3569 768 3608 cum
789 3569 806 3608 o
826 3544 1001 3627 composita
1022 3556 1070 3608 est
1085 3546 1148 3622 odi,
1167 3547 1238 3630 ody.

87 3643 276 3726 significatio
291 3649 366 3711 inde
380 3649 497 3712 mutari
513 3652 592 3713 solet
606 3651 641 3712 in
656 3649 846 3714 contrariam
854 3675 864 3725 3
880 3650 915 3711 in
931 3649 1120 3731 quibusdam
1136 3659 1242 3713 tamen

87 3748 130 3810 nil
155 3765 305 3816 mutatur.
345 3754 511 3817 Formulae
538 3756 597 3818 sub
622 3777 812 3838 quacunque
838 3775 947 3816 earum
973 3751 1242 3836 praepositionum

87 3856 261 3934 prodentur.

171 3967 197 4024 t.
228 3961 561 4047 Praepositiones
591 3963 890 4046 monosyllabae
917 3961 1160 4024 terminatae
1183 3981 1241 4024 vo-

89 4063 257 4130 calibus:
276 4091 305 4144 o,
321 4089 395 4150 pao,
414 4067 450 4129 di
464 4070 524 4151 (y),
544 4067 607 4130 troi
621 4069 741 4152 (trwp).

113 4237 120 4248 ,
168 4171 195 4232 Ο
216 4171 355 4252 (hibern
379 4175 407 4248 ὀ,
426 4173 481 4253 aa)
504 4171 708 4234 cambrice
731 4183 797 4235 tam
820 4183 893 4234 ante
915 4191 1079 4246 consonas,
1105 4171 1242 4252 quaein

89 4275 305 4340 recentioribus
327 4274 417 4337 libris
438 4274 673 4352 destituuntur,
696 4297 792 4358 quam
813 4285 887 4338 ante
908 4275 1048 4350 vocales,
1071 4295 1144 4338 cum
1167 4275 1241 4338 arti·

90 4377 159 4440 culo
168 4379 236 4457 OR,
250 4392 283 4444 et
297 4393 373 4446 ante
387 4381 576 4464 pronomina
590 4381 788 4445 solummodo
802 4402 822 4442 a
835 4379 996 4442 vocalibus
1011 4379 1159 4443 inchoata
1171 4381 1240 4456 OC,
