<?xml version="1.0" encoding="UTF-8"?>
<!DOCTYPE html PUBLIC "-//W3C//DTD XHTML 1.0 Transitional//EN"
    "http://www.w3.org/TR/xhtml1/DTD/xhtml1-transitional.dtd">
<html xmlns="http://www.w3.org/1999/xhtml" xml:lang="en" lang="en">
 <head>
  <title>
</title>
<meta http-equiv="Content-Type" content="text/html;charset=utf-8" />
  <meta name='ocr-system' content='tesseract 3.04.00' />
  <meta name='ocr-capabilities' content='ocr_page ocr_carea ocr_par ocr_line ocrx_word'/>
</head>
<body>
  <div class='ocr_page' id='page_1' title='image "./grammaticacelti01zeusgoog_0381.png"; bbox 0 0 2978 5054; ppageno 0'>
   <div class='ocr_carea' id='block_1_1' title="bbox 265 376 1216 442">
    <p class='ocr_par' dir='ltr' id='par_1_1' title="bbox 265 376 1216 442">
     <span class='ocr_line' id='line_1_1' title="bbox 265 376 1216 442; baseline -0.003 0"><span class='ocrx_word' id='word_1_1' title='bbox 265 378 324 442; x_wconf 89' lang='lat' dir='ltr'>VI.</span> <span class='ocrx_word' id='word_1_2' title='bbox 344 383 374 439; x_wconf 84' lang='lat'>2.</span> <span class='ocrx_word' id='word_1_3' title='bbox 407 395 630 442; x_wconf 82' lang='lat' dir='ltr'>cousrnucrm</span> <span class='ocrx_word' id='word_1_4' title='bbox 645 397 784 442; x_wconf 74' lang='lat' dir='ltr'>cosmos</span> <span class='ocrx_word' id='word_1_5' title='bbox 800 397 998 442; x_wconf 71' lang='lat' dir='ltr'>mensumn.</span> <span class='ocrx_word' id='word_1_6' title='bbox 1153 376 1216 439; x_wconf 83' lang='lat'>933</span> 
     </span>
    </p>
   </div>
   <div class='ocr_carea' id='block_1_2' title="bbox 58 545 1317 2540">
    <p class='ocr_par' dir='ltr' id='par_1_2' title="bbox 67 545 1216 1055">
     <span class='ocr_line' id='line_1_2' title="bbox 70 545 1213 632; baseline -0.003 -20"><span class='ocrx_word' id='word_1_7' title='bbox 70 571 113 612; x_wconf 84' lang='lat' dir='ltr'>rm</span> <span class='ocrx_word' id='word_1_8' title='bbox 134 550 258 612; x_wconf 86' lang='lat' dir='ltr'>obscura</span> <span class='ocrx_word' id='word_1_9' title='bbox 278 547 454 632; x_wconf 82' lang='lat' dir='ltr'>composita</span> <span class='ocrx_word' id='word_1_10' title='bbox 474 557 562 624; x_wconf 85' lang='lat' dir='ltr'>sunt,</span> <span class='ocrx_word' id='word_1_11' title='bbox 581 557 617 612; x_wconf 88' lang='lat' dir='ltr'>ut</span> <span class='ocrx_word' id='word_1_12' title='bbox 639 569 770 612; x_wconf 88' lang='lat' dir='ltr'>sensum</span> <span class='ocrx_word' id='word_1_13' title='bbox 793 568 903 610; x_wconf 88' lang='lat' dir='ltr'>eorum</span> <span class='ocrx_word' id='word_1_14' title='bbox 918 545 1044 630; x_wconf 78' lang='lat' dir='ltr'>assequi</span> <span class='ocrx_word' id='word_1_15' title='bbox 1060 545 1213 610; x_wconf 86' lang='lat' dir='ltr'>difficilli-</span> 
     </span>
     <span class='ocr_line' id='line_1_3' title="bbox 70 652 1216 737; baseline 0.001 -22"><span class='ocrx_word' id='word_1_16' title='bbox 70 676 144 716; x_wconf 87' lang='lat' dir='ltr'>num</span> <span class='ocrx_word' id='word_1_17' title='bbox 168 653 208 716; x_wconf 89' lang='lat' dir='ltr'>sit</span> <span class='ocrx_word' id='word_1_18' title='bbox 227 665 259 717; x_wconf 91' lang='lat' dir='ltr'>et</span> <span class='ocrx_word' id='word_1_19' title='bbox 277 653 439 718; x_wconf 89' lang='lat' dir='ltr'>interdurn</span> <span class='ocrx_word' id='word_1_20' title='bbox 459 654 494 716; x_wconf 90' lang='lat' dir='ltr'>id</span> <span class='ocrx_word' id='word_1_21' title='bbox 514 654 652 737; x_wconf 85' lang='lat' dir='ltr'>perfecte</span> <span class='ocrx_word' id='word_1_22' title='bbox 671 655 726 717; x_wconf 83' lang='lat' dir='ltr'>vix</span> <span class='ocrx_word' id='word_1_23' title='bbox 746 653 816 716; x_wconf 82' lang='lat' dir='ltr'>ficri</span> <span class='ocrx_word' id='word_1_24' title='bbox 838 652 971 736; x_wconf 78' lang='lat' dir='ltr'>queat*</span> <span class='ocrx_word' id='word_1_25' title='bbox 1005 655 1158 716; x_wconf 83' lang='lat' dir='ltr'><strong>Attamen</strong></span> <span class='ocrx_word' id='word_1_26' title='bbox 1178 663 1216 716; x_wconf 90' lang='lat' dir='ltr'>ut</span> 
     </span>
     <span class='ocr_line' id='line_1_4' title="bbox 69 757 1214 844; baseline 0 -23"><span class='ocrx_word' id='word_1_27' title='bbox 69 759 122 822; x_wconf 87' lang='lat' dir='ltr'>sint</span> <span class='ocrx_word' id='word_1_28' title='bbox 140 779 201 821; x_wconf 92' lang='lat' dir='ltr'>non</span> <span class='ocrx_word' id='word_1_29' title='bbox 222 761 325 823; x_wconf 89' lang='lat' dir='ltr'>solum</span> <span class='ocrx_word' id='word_1_30' title='bbox 346 761 464 824; x_wconf 81' lang='lat' dir='ltr'>formae</span> <span class='ocrx_word' id='word_1_31' title='bbox 486 761 542 823; x_wconf 88' lang='lat' dir='ltr'>sed</span> <span class='ocrx_word' id='word_1_32' title='bbox 564 759 660 824; x_wconf 85' lang='lat' dir='ltr'>etism</span> <span class='ocrx_word' id='word_1_33' title='bbox 675 759 805 842; x_wconf 85' lang='lat' dir='ltr'>linguae</span> <span class='ocrx_word' id='word_1_34' title='bbox 819 760 961 843; x_wconf 79' lang='lat' dir='ltr'>poiitioue</span> <span class='ocrx_word' id='word_1_35' title='bbox 976 757 1161 844; x_wconf 80' lang='lat' dir='ltr'><strong>specimina,</strong></span> <span class='ocrx_word' id='word_1_36' title='bbox 1180 758 1214 821; x_wconf 92' lang='lat' dir='ltr'>in</span> 
     </span>
     <span class='ocr_line' id='line_1_5' title="bbox 68 863 1214 949; baseline 0.001 -24"><span class='ocrx_word' id='word_1_37' title='bbox 68 885 178 926; x_wconf 85' lang='lat' dir='ltr'>sensum</span> <span class='ocrx_word' id='word_1_38' title='bbox 196 886 322 948; x_wconf 89' lang='lat' dir='ltr'>quoque</span> <span class='ocrx_word' id='word_1_39' title='bbox 344 867 394 928; x_wconf 87' lang='lat' dir='ltr'>vel</span> <span class='ocrx_word' id='word_1_40' title='bbox 416 887 530 930; x_wconf 87' lang='lat' dir='ltr'>vocum</span> <span class='ocrx_word' id='word_1_41' title='bbox 551 865 667 928; x_wconf 80' lang='lat' dir='ltr'>formas</span> <span class='ocrx_word' id='word_1_42' title='bbox 682 865 862 949; x_wconf 83' lang='lat' dir='ltr'>inquiretur</span> <span class='ocrx_word' id='word_1_43' title='bbox 877 866 911 930; x_wconf 92' lang='lat' dir='ltr'>in</span> <span class='ocrx_word' id='word_1_44' title='bbox 926 863 1134 948; x_wconf 83' lang='lat' dir='ltr'>sequentibus</span> <span class='ocrx_word' id='word_1_45' title='bbox 1149 885 1214 928; x_wconf 83' lang='lat' dir='ltr'>car-</span> 
     </span>
     <span class='ocr_line' id='line_1_6' title="bbox 67 969 715 1055; baseline 0.003 -23"><span class='ocrx_word' id='word_1_46' title='bbox 67 969 187 1032; x_wconf 81' lang='lat' dir='ltr'>minibus</span> <span class='ocrx_word' id='word_1_47' title='bbox 201 971 375 1054; x_wconf 78' lang='lat' dir='ltr'>perspicuis</span> <span class='ocrx_word' id='word_1_48' title='bbox 390 983 422 1036; x_wconf 90' lang='lat' dir='ltr'>et</span> <span class='ocrx_word' id='word_1_49' title='bbox 436 972 559 1055; x_wconf 83' lang='lat' dir='ltr'>integre</span> <span class='ocrx_word' id='word_1_50' title='bbox 573 971 715 1036; x_wconf 86' lang='lat' dir='ltr'>servatis.</span> 
     </span>
    </p>

    <p class='ocr_par' dir='ltr' id='par_1_3' title="bbox 64 1075 1214 1585">
     <span class='ocr_line' id='line_1_7' title="bbox 137 1075 1214 1160; baseline -0.001 -21"><span class='ocrx_word' id='word_1_51' title='bbox 137 1075 218 1139; x_wconf 82' lang='lat' dir='ltr'>Certi</span> <span class='ocrx_word' id='word_1_52' title='bbox 236 1077 430 1160; x_wconf 78' lang='lat' dir='ltr'>syllabarum</span> <span class='ocrx_word' id='word_1_53' title='bbox 443 1078 570 1140; x_wconf 92' lang='lat' dir='ltr'>numeri</span> <span class='ocrx_word' id='word_1_54' title='bbox 584 1077 618 1140; x_wconf 92' lang='lat' dir='ltr'>in</span> <span class='ocrx_word' id='word_1_55' title='bbox 635 1078 746 1160; x_wconf 86' lang='lat' dir='ltr'>quovis</span> <span class='ocrx_word' id='word_1_56' title='bbox 761 1079 902 1142; x_wconf 88' lang='lat' dir='ltr'>membro</span> <span class='ocrx_word' id='word_1_57' title='bbox 917 1099 1025 1140; x_wconf 89' lang='lat' dir='ltr'>versus</span> <span class='ocrx_word' id='word_1_58' title='bbox 1041 1075 1214 1140; x_wconf 85' lang='lat' dir='ltr'>adhibendi</span> 
     </span>
     <span class='ocr_line' id='line_1_8' title="bbox 66 1183 1213 1266; baseline 0 -23"><span class='ocrx_word' id='word_1_59' title='bbox 66 1183 159 1264; x_wconf 81' lang='lat' dir='ltr'>regula</span> <span class='ocrx_word' id='word_1_60' title='bbox 176 1183 332 1266; x_wconf 85' lang='lat' dir='ltr'>generalis</span> <span class='ocrx_word' id='word_1_61' title='bbox 348 1183 445 1246; x_wconf 85' lang='lat' dir='ltr'>etiarn</span> <span class='ocrx_word' id='word_1_62' title='bbox 460 1183 670 1247; x_wconf 86' lang='lat' dir='ltr'>communiter</span> <span class='ocrx_word' id='word_1_63' title='bbox 686 1185 849 1247; x_wconf 82' lang='lat' dir='ltr'>observatu</span> <span class='ocrx_word' id='word_1_64' title='bbox 864 1183 1037 1248; x_wconf 89' lang='lat' dir='ltr'>invenitur.</span> <span class='ocrx_word' id='word_1_65' title='bbox 1069 1183 1144 1246; x_wconf 91' lang='lat' dir='ltr'>Non</span> <span class='ocrx_word' id='word_1_66' title='bbox 1161 1183 1213 1244; x_wconf 90' lang='lat' dir='ltr'>de-</span> 
     </span>
     <span class='ocr_line' id='line_1_9' title="bbox 65 1287 1214 1373; baseline 0 -23"><span class='ocrx_word' id='word_1_67' title='bbox 65 1298 128 1352; x_wconf 84' lang='lat' dir='ltr'>sunt</span> <span class='ocrx_word' id='word_1_68' title='bbox 147 1299 248 1352; x_wconf 78' lang='lat' dir='ltr'>tumen</span> <span class='ocrx_word' id='word_1_69' title='bbox 263 1289 416 1366; x_wconf 84' lang='lat' dir='ltr'>carmina,</span> <span class='ocrx_word' id='word_1_70' title='bbox 435 1311 515 1372; x_wconf 80' lang='lat' dir='ltr'>quse</span> <span class='ocrx_word' id='word_1_71' title='bbox 531 1289 609 1354; x_wconf 94' lang='lat' dir='ltr'>dum</span> <span class='ocrx_word' id='word_1_72' title='bbox 625 1299 751 1354; x_wconf 85' lang='lat' dir='ltr'>servant</span> <span class='ocrx_word' id='word_1_73' title='bbox 766 1290 920 1373; x_wconf 84' lang='lat' dir='ltr'>regulam,</span> <span class='ocrx_word' id='word_1_74' title='bbox 938 1289 1034 1352; x_wconf 90' lang='lat' dir='ltr'>simul</span> <span class='ocrx_word' id='word_1_75' title='bbox 1049 1289 1083 1350; x_wconf 91' lang='lat' dir='ltr'>in</span> <span class='ocrx_word' id='word_1_76' title='bbox 1105 1287 1214 1371; x_wconf 88' lang='lat' dir='ltr'>singu-</span> 
     </span>
     <span class='ocr_line' id='line_1_10' title="bbox 65 1393 1212 1478; baseline 0.001 -23"><span class='ocrx_word' id='word_1_77' title='bbox 65 1393 96 1456; x_wconf 91' lang='lat' dir='ltr'>lis</span> <span class='ocrx_word' id='word_1_78' title='bbox 113 1395 254 1458; x_wconf 89' lang='lat' dir='ltr'>membris</span> <span class='ocrx_word' id='word_1_79' title='bbox 275 1395 327 1458; x_wconf 80' lang='lat' dir='ltr'>vel</span> <span class='ocrx_word' id='word_1_80' title='bbox 346 1395 442 1460; x_wconf 78' lang='lat' dir='ltr'>etiam</span> <span class='ocrx_word' id='word_1_81' title='bbox 461 1395 496 1458; x_wconf 91' lang='lat' dir='ltr'>in</span> <span class='ocrx_word' id='word_1_82' title='bbox 516 1396 662 1478; x_wconf 90' lang='lat' dir='ltr'>pluribus</span> <span class='ocrx_word' id='word_1_83' title='bbox 685 1395 827 1460; x_wconf 85' lang='lat' dir='ltr'>versibus</span> <span class='ocrx_word' id='word_1_84' title='bbox 850 1418 945 1459; x_wconf 89' lang='lat' dir='ltr'>usum</span> <span class='ocrx_word' id='word_1_85' title='bbox 960 1395 1021 1458; x_wconf 87' lang='lat' dir='ltr'>sibi</span> <span class='ocrx_word' id='word_1_86' title='bbox 1036 1394 1212 1458; x_wconf 88' lang='lat' dir='ltr'>liberiorem</span> 
     </span>
     <span class='ocr_line' id='line_1_11' title="bbox 64 1501 894 1585; baseline 0.001 -22"><span class='ocrx_word' id='word_1_87' title='bbox 64 1521 171 1584; x_wconf 89' lang='lat' dir='ltr'>quoque</span> <span class='ocrx_word' id='word_1_88' title='bbox 185 1511 337 1576; x_wconf 83' lang='lat' dir='ltr'>sumunt3</span> <span class='ocrx_word' id='word_1_89' title='bbox 355 1501 471 1564; x_wconf 92' lang='lat' dir='ltr'>horum</span> <span class='ocrx_word' id='word_1_90' title='bbox 485 1501 670 1584; x_wconf 81' lang='lat' dir='ltr'>praesertim</span> <span class='ocrx_word' id='word_1_91' title='bbox 685 1513 733 1565; x_wconf 89' lang='lat' dir='ltr'>est</span> <span class='ocrx_word' id='word_1_92' title='bbox 748 1523 894 1585; x_wconf 88' lang='lat' dir='ltr'>sequens.</span> 
     </span>
    </p>

    <p class='ocr_par' dir='ltr' id='par_1_4' title="bbox 58 1605 1317 2540">
     <span class='ocr_line' id='line_1_12' title="bbox 133 1605 1317 1690; baseline -0.003 -20"><span class='ocrx_word' id='word_1_93' title='bbox 133 1609 240 1670; x_wconf 88' lang='lat' dir='ltr'>Potest</span> <span class='ocrx_word' id='word_1_94' title='bbox 254 1606 387 1670; x_wconf 84' lang='lat' dir='ltr'>inscribi</span> <span class='ocrx_word' id='word_1_95' title='bbox 401 1607 547 1670; x_wconf 78' lang='lat' dir='ltr'>Moodris</span> <span class='ocrx_word' id='word_1_96' title='bbox 563 1605 742 1690; x_wconf 87' lang='lat' dir='ltr'>(cingulum</span> <span class='ocrx_word' id='word_1_97' title='bbox 758 1611 878 1690; x_wconf 89' lang='lat' dir='ltr'>meum)</span> <span class='ocrx_word' id='word_1_98' title='bbox 894 1607 1023 1670; x_wconf 86' lang='lat' dir='ltr'>vocibus</span> <span class='ocrx_word' id='word_1_99' title='bbox 1038 1628 1094 1690; x_wconf 86' lang='lat' dir='ltr'>per</span> <span class='ocrx_word' id='word_1_100' title='bbox 1110 1614 1213 1668; x_wconf 90' lang='lat' dir='ltr'>totum</span> <span class='ocrx_word' id='word_1_101' title='bbox 1314 1613 1317 1620; x_wconf 91' lang='lat'>&#39;</span> 
     </span>
     <span class='ocr_line' id='line_1_13' title="bbox 62 1709 1213 1798; baseline -0.003 -23"><span class='ocrx_word' id='word_1_102' title='bbox 62 1733 171 1776; x_wconf 86' lang='lat' dir='ltr'>carmen</span> <span class='ocrx_word' id='word_1_103' title='bbox 195 1713 351 1798; x_wconf 90' lang='lat' dir='ltr'>repetitis.</span> <span class='ocrx_word' id='word_1_104' title='bbox 392 1713 560 1776; x_wconf 86' lang='lat' dir='ltr'>Servatum</span> <span class='ocrx_word' id='word_1_105' title='bbox 586 1724 635 1776; x_wconf 87' lang='lat' dir='ltr'>est</span> <span class='ocrx_word' id='word_1_106' title='bbox 660 1711 693 1776; x_wconf 87' lang='lat' dir='ltr'>in</span> <span class='ocrx_word' id='word_1_107' title='bbox 720 1713 826 1776; x_wconf 87' lang='lat' dir='ltr'>codice</span> <span class='ocrx_word' id='word_1_108' title='bbox 853 1709 1213 1793; x_wconf 77' lang='lat' dir='ltr'>claustroneoburgensi</span> 
     </span>
     <span class='ocr_line' id='line_1_14' title="bbox 61 1811 1213 1903; baseline 0 -23"><span class='ocrx_word' id='word_1_109' title='bbox 61 1819 161 1880; x_wconf 78' lang='lat' dir='ltr'>sacculi</span> <span class='ocrx_word' id='word_1_110' title='bbox 175 1819 339 1884; x_wconf 87' lang='lat' dir='ltr'>undecimi</span> <span class='ocrx_word' id='word_1_111' title='bbox 354 1819 405 1882; x_wconf 88' lang='lat' dir='ltr'>vel</span> <span class='ocrx_word' id='word_1_112' title='bbox 420 1818 598 1882; x_wconf 88' lang='lat' dir='ltr'>duodecimi</span> <span class='ocrx_word' id='word_1_113' title='bbox 614 1819 683 1902; x_wconf 92' lang='lat' dir='ltr'>(qui</span> <span class='ocrx_word' id='word_1_114' title='bbox 698 1819 869 1903; x_wconf 84' lang='lat' dir='ltr'>inscriptus</span> <span class='ocrx_word' id='word_1_115' title='bbox 884 1831 933 1882; x_wconf 86' lang='lat' dir='ltr'>est</span> <span class='ocrx_word' id='word_1_116' title='bbox 951 1811 1075 1882; x_wconf 89' lang='lat' dir='ltr'>“codex</span> <span class='ocrx_word' id='word_1_117' title='bbox 1089 1817 1213 1900; x_wconf 83' lang='lat' dir='ltr'>regulu-</span> 
     </span>
     <span class='ocr_line' id='line_1_15' title="bbox 60 1915 1209 2009; baseline -0.003 -21"><span class='ocrx_word' id='word_1_118' title='bbox 60 1915 150 2000; x_wconf 83' lang='lat' dir='ltr'>rum‚”</span> <span class='ocrx_word' id='word_1_119' title='bbox 161 1924 281 1990; x_wconf 84' lang='lat' dir='ltr'>formae</span> <span class='ocrx_word' id='word_1_120' title='bbox 293 1925 431 2009; x_wconf 84' lang='lat' dir='ltr'>majoris,</span> <span class='ocrx_word' id='word_1_121' title='bbox 441 1927 711 2002; x_wconf 83' lang='lat' dir='ltr'>membranaceus,</span> <span class='ocrx_word' id='word_1_122' title='bbox 723 1925 757 1988; x_wconf 93' lang='lat' dir='ltr'>in</span> <span class='ocrx_word' id='word_1_123' title='bbox 769 1925 844 1988; x_wconf 80' lang='lat' dir='ltr'>folio</span> <span class='ocrx_word' id='word_1_124' title='bbox 855 1925 923 2009; x_wconf 89' lang='lat' dir='ltr'>ejus</span> <span class='ocrx_word' id='word_1_125' title='bbox 931 1923 1209 2009; x_wconf 86' lang='lat' dir='ltr'>antepenultimo).</span> 
     </span>
     <span class='ocr_line' id='line_1_16' title="bbox 61 2027 1212 2115; baseline 0.001 -26"><span class='ocrx_word' id='word_1_126' title='bbox 61 2027 102 2090; x_wconf 94' lang='lat' dir='ltr'>lbi</span> <span class='ocrx_word' id='word_1_127' title='bbox 119 2029 238 2094; x_wconf 84' lang='lat' dir='ltr'>invenit</span> <span class='ocrx_word' id='word_1_128' title='bbox 260 2032 296 2094; x_wconf 93' lang='lat' dir='ltr'>id</span> <span class='ocrx_word' id='word_1_129' title='bbox 311 2031 488 2114; x_wconf 83' lang='lat' dir='ltr'>Hauptius,</span> <span class='ocrx_word' id='word_1_130' title='bbox 506 2032 548 2096; x_wconf 88' lang='lat' dir='ltr'>V.</span> <span class='ocrx_word' id='word_1_131' title='bbox 567 2031 632 2107; x_wconf 80' lang='lat' dir='ltr'>CL,</span> <span class='ocrx_word' id='word_1_132' title='bbox 651 2041 683 2094; x_wconf 88' lang='lat' dir='ltr'>et</span> <span class='ocrx_word' id='word_1_133' title='bbox 700 2031 893 2115; x_wconf 88' lang='lat' dir='ltr'>descriptum</span> <span class='ocrx_word' id='word_1_134' title='bbox 907 2053 1034 2094; x_wconf 89' lang='lat' dir='ltr'>mecum</span> <span class='ocrx_word' id='word_1_135' title='bbox 1049 2028 1212 2092; x_wconf 82' lang='lat' dir='ltr'>humenis-</span> 
     </span>
     <span class='ocr_line' id='line_1_17' title="bbox 59 2129 1212 2222; baseline 0.001 -26"><span class='ocrx_word' id='word_1_136' title='bbox 59 2133 124 2197; x_wconf 83' lang='lat' dir='ltr'>sime</span> <span class='ocrx_word' id='word_1_137' title='bbox 137 2137 395 2200; x_wconf 80' lang='lat' dir='ltr'>communicavit.</span> <span class='ocrx_word' id='word_1_138' title='bbox 429 2138 513 2200; x_wconf 87' lang='lat' dir='ltr'>Sunt</span> <span class='ocrx_word' id='word_1_139' title='bbox 528 2129 728 2214; x_wconf 59' lang='lat' dir='ltr'>octo&#39;lineae</span> <span class='ocrx_word' id='word_1_140' title='bbox 746 2137 917 2222; x_wconf 87' lang='lat' dir='ltr'>dispositae</span> <span class='ocrx_word' id='word_1_141' title='bbox 932 2149 969 2200; x_wconf 88' lang='lat' dir='ltr'>ut</span> <span class='ocrx_word' id='word_1_142' title='bbox 983 2135 1036 2199; x_wconf 91' lang='lat' dir='ltr'>hic</span> <span class='ocrx_word' id='word_1_143' title='bbox 1051 2136 1150 2200; x_wconf 82' lang='lat' dir='ltr'>refero</span> <span class='ocrx_word' id='word_1_144' title='bbox 1165 2155 1212 2198; x_wconf 91' lang='lat' dir='ltr'>se·</span> 
     </span>
     <span class='ocr_line' id='line_1_18' title="bbox 60 2242 1211 2328; baseline 0.003 -28"><span class='ocrx_word' id='word_1_145' title='bbox 60 2242 183 2305; x_wconf 88' lang='lat' dir='ltr'>cundum</span> <span class='ocrx_word' id='word_1_146' title='bbox 201 2244 436 2328; x_wconf 80' lang='lat' dir='ltr'>apographum,</span> <span class='ocrx_word' id='word_1_147' title='bbox 454 2246 540 2327; x_wconf 91' lang='lat' dir='ltr'>quod</span> <span class='ocrx_word' id='word_1_148' title='bbox 561 2265 674 2328; x_wconf 86' lang='lat' dir='ltr'>sequor</span> <span class='ocrx_word' id='word_1_149' title='bbox 695 2245 799 2327; x_wconf 87' lang='lat' dir='ltr'>quoad</span> <span class='ocrx_word' id='word_1_150' title='bbox 820 2243 889 2306; x_wconf 90' lang='lat' dir='ltr'>fieri</span> <span class='ocrx_word' id='word_1_151' title='bbox 910 2255 1014 2327; x_wconf 88' lang='lat' dir='ltr'>potest</span> <span class='ocrx_word' id='word_1_152' title='bbox 1030 2243 1124 2328; x_wconf 87' lang='lat' dir='ltr'>typis,</span> <span class='ocrx_word' id='word_1_153' title='bbox 1142 2243 1211 2304; x_wconf 90' lang='lat' dir='ltr'>red·</span> 
     </span>
     <span class='ocr_line' id='line_1_19' title="bbox 59 2347 1211 2433; baseline 0.003 -25"><span class='ocrx_word' id='word_1_154' title='bbox 59 2347 124 2410; x_wconf 88' lang='lat' dir='ltr'>dens</span> <span class='ocrx_word' id='word_1_155' title='bbox 144 2349 276 2432; x_wconf 85' lang='lat' dir='ltr'>signum</span> <span class='ocrx_word' id='word_1_156' title='bbox 296 2349 497 2432; x_wconf 78' lang='lat' dir='ltr'>aspirationis</span> <span class='ocrx_word' id='word_1_157' title='bbox 520 2371 615 2433; x_wconf 88' lang='lat' dir='ltr'>super</span> <span class='ocrx_word' id='word_1_158' title='bbox 636 2359 649 2414; x_wconf 83' lang='lat' dir='ltr'>t</span> <span class='ocrx_word' id='word_1_159' title='bbox 670 2361 702 2413; x_wconf 88' lang='lat' dir='ltr'>et</span> <span class='ocrx_word' id='word_1_160' title='bbox 723 2354 801 2433; x_wconf 90' lang='lat' dir='ltr'>c(p.</span> <span class='ocrx_word' id='word_1_161' title='bbox 821 2353 875 2432; x_wconf 80' lang='lat'>81)</span> <span class='ocrx_word' id='word_1_162' title='bbox 891 2361 924 2413; x_wconf 92' lang='lat' dir='ltr'>et</span> <span class='ocrx_word' id='word_1_163' title='bbox 944 2349 1095 2413; x_wconf 82' lang='lat' dir='ltr'>lineolam</span> <span class='ocrx_word' id='word_1_164' title='bbox 1117 2369 1211 2432; x_wconf 87' lang='lat' dir='ltr'>super</span> 
     </span>
     <span class='ocr_line' id='line_1_20' title="bbox 58 2454 980 2540; baseline 0.007 -28"><span class='ocrx_word' id='word_1_165' title='bbox 58 2454 164 2518; x_wconf 81' lang='lat' dir='ltr'>vocales</span> <span class='ocrx_word' id='word_1_166' title='bbox 180 2455 348 2540; x_wconf 85' lang='lat' dir='ltr'>quasdam,</span> <span class='ocrx_word' id='word_1_167' title='bbox 366 2465 404 2518; x_wconf 90' lang='lat' dir='ltr'>ut</span> <span class='ocrx_word' id='word_1_168' title='bbox 418 2457 534 2520; x_wconf 88' lang='lat' dir='ltr'>debent</span> <span class='ocrx_word' id='word_1_169' title='bbox 548 2455 648 2532; x_wconf 85' lang='lat' dir='ltr'>reddi,</span> <span class='ocrx_word' id='word_1_170' title='bbox 667 2455 768 2519; x_wconf 88' lang='lat' dir='ltr'>solitis</span> <span class='ocrx_word' id='word_1_171' title='bbox 785 2456 829 2533; x_wconf 75' lang='lat' dir='ltr'>th,</span> <span class='ocrx_word' id='word_1_172' title='bbox 848 2455 886 2520; x_wconf 80' lang='lat' dir='ltr'>cd</span> <span class='ocrx_word' id='word_1_173' title='bbox 902 2466 934 2518; x_wconf 89' lang='lat' dir='ltr'>et</span> <span class='ocrx_word' id='word_1_174' title='bbox 948 2477 980 2518; x_wconf 82' lang='lat' dir='ltr'>n.</span> 
     </span>
    </p>
   </div>
   <div class='ocr_carea' id='block_1_3' title="bbox 57 2609 1237 3406">
    <p class='ocr_par' dir='ltr' id='par_1_5' title="bbox 60 2609 1211 2774">
     <span class='ocr_line' id='line_1_21' title="bbox 60 2609 1211 2689; baseline 0.003 -23"><span class='ocrx_word' id='word_1_175' title='bbox 60 2609 116 2669; x_wconf 71' lang='lat' dir='ltr'>cru</span> <span class='ocrx_word' id='word_1_176' title='bbox 128 2613 246 2688; x_wconf 71' lang='lat' dir='ltr'>stnncin</span> <span class='ocrx_word' id='word_1_177' title='bbox 270 2613 479 2689; x_wconf 74' lang='lat' dir='ltr'>dums&#39;rndcpail</span> <span class='ocrx_word' id='word_1_178' title='bbox 494 2613 585 2672; x_wconf 79' lang='lat' dir='ltr'>imum</span> <span class='ocrx_word' id='word_1_179' title='bbox 600 2613 759 2673; x_wconf 76' lang='lat' dir='ltr'>imacniirt.</span> <span class='ocrx_word' id='word_1_180' title='bbox 779 2635 834 2672; x_wconf 79' lang='lat' dir='ltr'>aar</span> <span class='ocrx_word' id='word_1_181' title='bbox 849 2615 1020 2672; x_wconf 70' lang='lat' dir='ltr'>amtar&#39;rtlea</span> <span class='ocrx_word' id='word_1_182' title='bbox 1035 2614 1129 2672; x_wconf 71' lang='lat' dir='ltr'>iamet</span> <span class='ocrx_word' id='word_1_183' title='bbox 1142 2612 1211 2670; x_wconf 82' lang='lat' dir='ltr'>tim-</span> 
     </span>
     <span class='ocr_line' id='line_1_22' title="bbox 794 2717 1018 2774; baseline -0.004 -1"><span class='ocrx_word' id='word_1_184' title='bbox 794 2717 878 2774; x_wconf 73' lang='lat' dir='ltr'>cellas</span> <span class='ocrx_word' id='word_1_185' title='bbox 894 2717 1018 2774; x_wconf 72' lang='lat' dir='ltr'>inmtith</span> 
     </span>
    </p>

    <p class='ocr_par' dir='ltr' id='par_1_6' title="bbox 57 2805 1208 2894">
     <span class='ocr_line' id='line_1_23' title="bbox 57 2805 1208 2894; baseline 0.001 -25"><span class='ocrx_word' id='word_1_186' title='bbox 57 2813 169 2873; x_wconf 78' lang='lat' dir='ltr'>Rouctir&#39;</span> <span class='ocrx_word' id='word_1_187' title='bbox 180 2817 242 2875; x_wconf 69' lang='lat' dir='ltr'>lein</span> <span class='ocrx_word' id='word_1_188' title='bbox 255 2816 392 2874; x_wconf 73' lang='lat' dir='ltr'>indeiecta</span> <span class='ocrx_word' id='word_1_189' title='bbox 400 2805 552 2875; x_wconf 77' lang='lat' dir='ltr'>mubrond.</span> <span class='ocrx_word' id='word_1_190' title='bbox 565 2819 659 2876; x_wconf 84' lang='lat' dir='ltr'>larech</span> <span class='ocrx_word' id='word_1_191' title='bbox 668 2819 702 2875; x_wconf 67' lang='lat' dir='ltr'>de</span> <span class='ocrx_word' id='word_1_192' title='bbox 709 2815 1208 2894; x_wconf 69' lang='lat' dir='ltr'>dumimdepailotamindpomboud.</span> 
     </span>
    </p>

    <p class='ocr_par' dir='ltr' id='par_1_7' title="bbox 60 2915 1207 2996">
     <span class='ocr_line' id='line_1_24' title="bbox 60 2915 1207 2996; baseline 0.001 -25"><span class='ocrx_word' id='word_1_193' title='bbox 60 2915 250 2994; x_wconf 75' lang='lat' dir='ltr'>Crirfimr&#39;ear&#39;n</span> <span class='ocrx_word' id='word_1_194' title='bbox 263 2917 390 2976; x_wconf 75' lang='lat' dir='ltr'>murdris</span> <span class='ocrx_word' id='word_1_195' title='bbox 402 2920 520 2994; x_wconf 71' lang='lat' dir='ltr'>arpalm</span> <span class='ocrx_word' id='word_1_196' title='bbox 532 2921 633 2978; x_wconf 79' lang='lat' dir='ltr'>arches</span> <span class='ocrx_word' id='word_1_197' title='bbox 642 2920 774 2994; x_wconf 65' lang='lat' dir='ltr'>emptast</span> <span class='ocrx_word' id='word_1_198' title='bbox 784 2919 934 2978; x_wconf 70' lang='lat' dir='ltr'>landbert</span> <span class='ocrx_word' id='word_1_199' title='bbox 944 2917 1059 2996; x_wconf 74' lang='lat' dir='ltr'>afrocclr</span> <span class='ocrx_word' id='word_1_200' title='bbox 1068 2917 1207 2974; x_wconf 85' lang='lat' dir='ltr'>adamles.</span> 
     </span>
    </p>

    <p class='ocr_par' dir='ltr' id='par_1_8' title="bbox 59 3016 1157 3100">
     <span class='ocr_line' id='line_1_25' title="bbox 59 3016 1157 3100; baseline 0.001 -27"><span class='ocrx_word' id='word_1_201' title='bbox 59 3016 116 3076; x_wconf 74' lang='lat' dir='ltr'>Cn&#39;r</span> <span class='ocrx_word' id='word_1_202' title='bbox 128 3020 188 3078; x_wconf 78' lang='lat' dir='ltr'>eor‘rr</span> <span class='ocrx_word' id='word_1_203' title='bbox 202 3019 334 3078; x_wconf 62' lang='lat' dir='ltr'>macerie</span> <span class='ocrx_word' id='word_1_204' title='bbox 349 3021 430 3095; x_wconf 68' lang='lat' dir='ltr'>reliq</span> <span class='ocrx_word' id='word_1_205' title='bbox 444 3021 523 3078; x_wconf 61' lang='lat' dir='ltr'>remi</span> <span class='ocrx_word' id='word_1_206' title='bbox 536 3023 636 3098; x_wconf 66' lang='lat' dir='ltr'>hylan.</span> <span class='ocrx_word' id='word_1_207' title='bbox 656 3023 823 3100; x_wconf 77' lang='lat' dir='ltr'>dcidserpa</span> <span class='ocrx_word' id='word_1_208' title='bbox 830 3025 884 3099; x_wconf 80' lang='lat' dir='ltr'>fer</span> <span class='ocrx_word' id='word_1_209' title='bbox 898 3022 961 3079; x_wconf 82' lang='lat' dir='ltr'>roa&#39;d</span> <span class='ocrx_word' id='word_1_210' title='bbox 974 3029 1044 3096; x_wconf 82' lang='lat' dir='ltr'>upta</span> <span class='ocrx_word' id='word_1_211' title='bbox 1058 3019 1157 3078; x_wconf 68' lang='lat' dir='ltr'>rieden.</span> 
     </span>
    </p>

    <p class='ocr_par' dir='ltr' id='par_1_9' title="bbox 59 3117 1237 3300">
     <span class='ocr_line' id='line_1_26' title="bbox 59 3117 1237 3201; baseline 0.004 -27"><span class='ocrx_word' id='word_1_212' title='bbox 59 3117 115 3176; x_wconf 75' lang='lat' dir='ltr'>Oris</span> <span class='ocrx_word' id='word_1_213' title='bbox 127 3122 271 3179; x_wconf 69' lang='lat' dir='ltr'>anthr-ach</span> <span class='ocrx_word' id='word_1_214' title='bbox 285 3121 412 3178; x_wconf 67' lang='lat' dir='ltr'>mmlm&#39;s</span> <span class='ocrx_word' id='word_1_215' title='bbox 427 3123 544 3180; x_wconf 78' lang='lat' dir='ltr'>natdar&#39;r</span> <span class='ocrx_word' id='word_1_216' title='bbox 559 3123 648 3181; x_wconf 71' lang='lat' dir='ltr'>imaro</span> <span class='ocrx_word' id='word_1_217' title='bbox 662 3127 904 3201; x_wconf 73' lang='lat' dir='ltr'>adrampouotfir</span> <span class='ocrx_word' id='word_1_218' title='bbox 918 3121 1084 3181; x_wconf 77' lang='lat' dir='ltr'>aaramillat</span> <span class='ocrx_word' id='word_1_219' title='bbox 1095 3125 1172 3179; x_wconf 77' lang='lat' dir='ltr'>mni.</span> <span class='ocrx_word' id='word_1_220' title='bbox 1231 3191 1237 3200; x_wconf 26' lang='grc' dir='ltr'>ἱ</span> 
     </span>
     <span class='ocr_line' id='line_1_27' title="bbox 91 3221 966 3300; baseline 0.011 -22"><span class='ocrx_word' id='word_1_221' title='bbox 91 3221 243 3281; x_wconf 79' lang='lat' dir='ltr'>durmnaib</span> <span class='ocrx_word' id='word_1_222' title='bbox 260 3224 498 3300; x_wconf 78' lang='lat' dir='ltr'>romdrosomda&#39;r</span> <span class='ocrx_word' id='word_1_223' title='bbox 512 3225 601 3282; x_wconf 70' lang='lat' dir='ltr'>imore</span> <span class='ocrx_word' id='word_1_224' title='bbox 960 3271 966 3288; x_wconf 87' lang='lat'><em>.</em></span> 
     </span>
    </p>

    <p class='ocr_par' dir='ltr' id='par_1_10' title="bbox 57 3321 1044 3406">
     <span class='ocr_line' id='line_1_28' title="bbox 57 3321 1044 3406; baseline 0.005 -28"><span class='ocrx_word' id='word_1_225' title='bbox 57 3321 154 3382; x_wconf 81' lang='lat' dir='ltr'>Folrut</span> <span class='ocrx_word' id='word_1_226' title='bbox 166 3325 316 3383; x_wconf 73' lang='lat' dir='ltr'>muriciam</span> <span class='ocrx_word' id='word_1_227' title='bbox 322 3326 458 3403; x_wconf 81' lang='lat' dir='ltr'>fosarali</span> <span class='ocrx_word' id='word_1_228' title='bbox 474 3325 542 3383; x_wconf 76' lang='lat' dir='ltr'>imi.</span> <span class='ocrx_word' id='word_1_229' title='bbox 553 3327 756 3404; x_wconf 79' lang='lat' dir='ltr'>sotrochlanr&#39;d</span> <span class='ocrx_word' id='word_1_230' title='bbox 763 3328 942 3406; x_wconf 72' lang='lat' dir='ltr'>sochochlan</span> <span class='ocrx_word' id='word_1_231' title='bbox 956 3325 1044 3384; x_wconf 81' lang='lat' dir='ltr'>muli.</span> 
     </span>
    </p>
   </div>
   <div class='ocr_carea' id='block_1_4' title="bbox 56 3421 1215 3594">
    <p class='ocr_par' dir='ltr' id='par_1_11' title="bbox 56 3421 1215 3594">
     <span class='ocr_line' id='line_1_29' title="bbox 56 3421 1215 3510; baseline 0.003 -28"><span class='ocrx_word' id='word_1_232' title='bbox 56 3421 226 3487; x_wconf 76' lang='lat' dir='ltr'>liuclolmoc</span> <span class='ocrx_word' id='word_1_233' title='bbox 238 3428 454 3487; x_wconf 75' lang='lat' dir='ltr'>ramelmrastcr</span> <span class='ocrx_word' id='word_1_234' title='bbox 465 3429 590 3506; x_wconf 60' lang='lat' dir='ltr'>adipati</span> <span class='ocrx_word' id='word_1_235' title='bbox 599 3430 692 3508; x_wconf 69' lang='lat' dir='ltr'>arsis.</span> <span class='ocrx_word' id='word_1_236' title='bbox 708 3429 812 3490; x_wconf 76' lang='lat' dir='ltr'>t‘sar&#39;rar&#39;</span> <span class='ocrx_word' id='word_1_237' title='bbox 821 3430 1034 3489; x_wconf 70' lang='lat' dir='ltr'>ramelarastar</span> <span class='ocrx_word' id='word_1_238' title='bbox 1046 3428 1111 3488; x_wconf 81' lang='lat' dir='ltr'>uuir</span> <span class='ocrx_word' id='word_1_239' title='bbox 1123 3427 1215 3510; x_wconf 51' lang='lat' dir='ltr'>island</span> 
     </span>
     <span class='ocr_line' id='line_1_30' title="bbox 794 3527 970 3594; baseline -0.011 -3"><span class='ocrx_word' id='word_1_240' title='bbox 794 3531 927 3594; x_wconf 67' lang='lat' dir='ltr'>meciaris.</span> <span class='ocrx_word' id='word_1_241' title='bbox 938 3527 970 3561; x_wconf 70' lang='lat'>*¹*</span> 
     </span>
    </p>
   </div>
   <div class='ocr_carea' id='block_1_5' title="bbox 55 3625 247 3643">
    <p class='ocr_par' dir='ltr' id='par_1_12' title="bbox 55 3625 247 3643">
     <span class='ocr_line' id='line_1_31' title="bbox 55 3625 247 3643; baseline 0 0"><span class='ocrx_word' id='word_1_242' title='bbox 55 3625 247 3643; x_wconf 59' lang='lat'><strong>——-——-—</strong></span> 
     </span>
    </p>
   </div>
   <div class='ocr_carea' id='block_1_6' title="bbox 53 3713 1269 4550">
    <p class='ocr_par' dir='ltr' id='par_1_13' title="bbox 53 3713 1269 4466">
     <span class='ocr_line' id='line_1_32' title="bbox 113 3713 1213 3792; baseline 0.002 -26"><span class='ocrx_word' id='word_1_243' title='bbox 113 3713 125 3740; x_wconf 73' lang='lat'><strong>⁹</strong></span> <span class='ocrx_word' id='word_1_244' title='bbox 142 3713 232 3792; x_wconf 80' lang='lat' dir='ltr'>Velim</span> <span class='ocrx_word' id='word_1_245' title='bbox 251 3713 370 3768; x_wconf 86' lang='lat' dir='ltr'>Hiberni</span> <span class='ocrx_word' id='word_1_246' title='bbox 389 3716 475 3770; x_wconf 74' lang='lat' dir='ltr'>nativi</span> <span class='ocrx_word' id='word_1_247' title='bbox 492 3717 546 3787; x_wconf 85' lang='lat' dir='ltr'>ipsi</span> <span class='ocrx_word' id='word_1_248' title='bbox 564 3716 607 3770; x_wconf 82' lang='lat' dir='ltr'>bis</span> <span class='ocrx_word' id='word_1_249' title='bbox 625 3717 799 3771; x_wconf 81' lang='lat' dir='ltr'>enucleandis</span> <span class='ocrx_word' id='word_1_250' title='bbox 816 3735 925 3788; x_wconf 82' lang='lat' dir='ltr'>operam</span> <span class='ocrx_word' id='word_1_251' title='bbox 942 3717 1017 3781; x_wconf 86' lang='lat' dir='ltr'>dent,</span> <span class='ocrx_word' id='word_1_252' title='bbox 1032 3717 1080 3770; x_wconf 87' lang='lat' dir='ltr'>sed</span> <span class='ocrx_word' id='word_1_253' title='bbox 1098 3716 1213 3780; x_wconf 83' lang='lat' dir='ltr'>centius,</span> 
     </span>
     <span class='ocr_line' id='line_1_33' title="bbox 53 3796 1215 3872; baseline 0.002 -22"><span class='ocrx_word' id='word_1_254' title='bbox 53 3796 150 3863; x_wconf 72' lang='lat' dir='ltr'>sensim</span> <span class='ocrx_word' id='word_1_255' title='bbox 161 3817 221 3853; x_wconf 87' lang='lat' dir='ltr'>rem</span> <span class='ocrx_word' id='word_1_256' title='bbox 234 3816 292 3852; x_wconf 90' lang='lat' dir='ltr'>non</span> <span class='ocrx_word' id='word_1_257' title='bbox 304 3800 392 3854; x_wconf 88' lang='lat' dir='ltr'>obiter</span> <span class='ocrx_word' id='word_1_258' title='bbox 404 3809 562 3872; x_wconf 78' lang='lat' dir='ltr'>peragentes</span> <span class='ocrx_word' id='word_1_259' title='bbox 576 3807 603 3855; x_wconf 87' lang='lat' dir='ltr'>st</span> <span class='ocrx_word' id='word_1_260' title='bbox 614 3802 695 3855; x_wconf 90' lang='lat' dir='ltr'>modo</span> <span class='ocrx_word' id='word_1_261' title='bbox 708 3803 903 3872; x_wconf 79' lang='lat' dir='ltr'>interpretandi</span> <span class='ocrx_word' id='word_1_262' title='bbox 916 3802 1029 3856; x_wconf 89' lang='lat' dir='ltr'>nimium</span> <span class='ocrx_word' id='word_1_263' title='bbox 1037 3809 1152 3870; x_wconf 81' lang='lat' dir='ltr'>promto.</span> <span class='ocrx_word' id='word_1_264' title='bbox 1174 3800 1215 3852; x_wconf 91' lang='lat' dir='ltr'>Eo</span> 
     </span>
     <span class='ocr_line' id='line_1_34' title="bbox 54 3881 1215 3952; baseline 0.004 -21"><span class='ocrx_word' id='word_1_265' title='bbox 54 3881 125 3934; x_wconf 86' lang='lat' dir='ltr'>nodo</span> <span class='ocrx_word' id='word_1_266' title='bbox 142 3893 170 3937; x_wconf 88' lang='lat' dir='ltr'>et</span> <span class='ocrx_word' id='word_1_267' title='bbox 181 3883 316 3948; x_wconf 68' lang='lat' dir='ltr'>rodoino,</span> <span class='ocrx_word' id='word_1_268' title='bbox 331 3885 372 3940; x_wconf 87' lang='lat' dir='ltr'>vir</span> <span class='ocrx_word' id='word_1_269' title='bbox 390 3886 459 3940; x_wconf 86' lang='lat' dir='ltr'>bene</span> <span class='ocrx_word' id='word_1_270' title='bbox 479 3887 591 3941; x_wconf 86' lang='lat' dir='ltr'>meritus</span> <span class='ocrx_word' id='word_1_271' title='bbox 611 3887 644 3939; x_wconf 88' lang='lat' dir='ltr'>de</span> <span class='ocrx_word' id='word_1_272' title='bbox 662 3887 748 3940; x_wconf 88' lang='lat' dir='ltr'>literis</span> <span class='ocrx_word' id='word_1_273' title='bbox 767 3887 922 3952; x_wconf 83' lang='lat' dir='ltr'>hibernicis,</span> <span class='ocrx_word' id='word_1_274' title='bbox 937 3903 992 3940; x_wconf 92' lang='lat' dir='ltr'>non</span> <span class='ocrx_word' id='word_1_275' title='bbox 1011 3885 1151 3940; x_wconf 85' lang='lat' dir='ltr'>inveniens</span> <span class='ocrx_word' id='word_1_276' title='bbox 1163 3884 1215 3936; x_wconf 87' lang='lat' dir='ltr'>sibi</span> 
     </span>
     <span class='ocr_line' id='line_1_35' title="bbox 54 3962 1215 4042; baseline -0.001 -22"><span class='ocrx_word' id='word_1_277' title='bbox 54 3962 233 4022; x_wconf 78' lang='lat' dir='ltr'>difficultatem</span> <span class='ocrx_word' id='word_1_278' title='bbox 252 3969 281 4021; x_wconf 91' lang='lat' dir='ltr'>in</span> <span class='ocrx_word' id='word_1_279' title='bbox 300 3969 348 4023; x_wconf 88' lang='lat' dir='ltr'>illo</span> <span class='ocrx_word' id='word_1_280' title='bbox 360 3969 457 4024; x_wconf 87' lang='lat' dir='ltr'>ultimo</span> <span class='ocrx_word' id='word_1_281' title='bbox 470 3973 579 4026; x_wconf 77' lang='lat' dir='ltr'>oraculo</span> <span class='ocrx_word' id='word_1_282' title='bbox 594 3971 609 4042; x_wconf 70' lang='lat' dir='ltr'>s</span> <span class='ocrx_word' id='word_1_283' title='bbox 611 3969 731 4042; x_wconf 85' lang='lat' dir='ltr'>‘present</span> <span class='ocrx_word' id='word_1_284' title='bbox 743 3988 778 4024; x_wconf 91' lang='lat' dir='ltr'>no</span> <span class='ocrx_word' id='word_1_285' title='bbox 792 3969 950 4042; x_wconf 83' lang='lat' dir='ltr'>difficulty,’‘</span> <span class='ocrx_word' id='word_1_286' title='bbox 966 3977 998 4024; x_wconf 85' lang='lat' dir='ltr'>ut</span> <span class='ocrx_word' id='word_1_287' title='bbox 1009 3969 1091 4022; x_wconf 79' lang='lat' dir='ltr'>refert</span> <span class='ocrx_word' id='word_1_288' title='bbox 1102 3968 1137 4020; x_wconf 81' lang='lat' dir='ltr'>sd</span> <span class='ocrx_word' id='word_1_289' title='bbox 1149 3967 1215 4020; x_wconf 83' lang='lat' dir='ltr'>Kel-</span> 
     </span>
     <span class='ocr_line' id='line_1_36' title="bbox 53 4050 1217 4128; baseline -0.003 -20"><span class='ocrx_word' id='word_1_290' title='bbox 53 4050 129 4108; x_wconf 73' lang='lat' dir='ltr'>lemm</span> <span class='ocrx_word' id='word_1_291' title='bbox 140 4055 170 4108; x_wconf 90' lang='lat' dir='ltr'>in</span> <span class='ocrx_word' id='word_1_292' title='bbox 179 4055 247 4109; x_wconf 88' lang='lat' dir='ltr'>libri</span> <span class='ocrx_word' id='word_1_293' title='bbox 257 4072 339 4124; x_wconf 75' lang='lat' dir='ltr'>supra</span> <span class='ocrx_word' id='word_1_294' title='bbox 352 4056 455 4111; x_wconf 72' lang='lat' dir='ltr'>laudati</span> <span class='ocrx_word' id='word_1_295' title='bbox 463 4075 489 4127; x_wconf 92' lang='lat' dir='ltr'>p.</span> <span class='ocrx_word' id='word_1_296' title='bbox 499 4057 553 4128; x_wconf 78' lang='lat'>9³),</span> <span class='ocrx_word' id='word_1_297' title='bbox 564 4058 645 4112; x_wconf 84' lang='lat' dir='ltr'>vertit</span> <span class='ocrx_word' id='word_1_298' title='bbox 654 4054 690 4108; x_wconf 85' lang='lat' dir='ltr'>“e</span> <span class='ocrx_word' id='word_1_299' title='bbox 702 4053 900 4126; x_wconf 78' lang='lat' dir='ltr'>preservation‘’</span> <span class='ocrx_word' id='word_1_300' title='bbox 911 4057 968 4126; x_wconf 82' lang='lat' dir='ltr'>jam</span> <span class='ocrx_word' id='word_1_301' title='bbox 976 4055 1092 4125; x_wconf 87' lang='lat' dir='ltr'>primum</span> <span class='ocrx_word' id='word_1_302' title='bbox 1100 4052 1217 4104; x_wconf 83' lang='lat' dir='ltr'>vocabu·</span> 
     </span>
     <span class='ocr_line' id='line_1_37' title="bbox 53 4133 1251 4212; baseline -0.002 -21"><span class='ocrx_word' id='word_1_303' title='bbox 53 4133 102 4191; x_wconf 83' lang='lat' dir='ltr'>lum</span> <span class='ocrx_word' id='word_1_304' title='bbox 119 4145 218 4194; x_wconf 70' lang='lat' dir='ltr'>ussus-c</span> <span class='ocrx_word' id='word_1_305' title='bbox 233 4141 302 4210; x_wconf 82' lang='lat' dir='ltr'>(nec</span> <span class='ocrx_word' id='word_1_306' title='bbox 315 4140 392 4195; x_wconf 80' lang='lat' dir='ltr'>aliter</span> <span class='ocrx_word' id='word_1_307' title='bbox 410 4142 484 4212; x_wconf 80' lang='lat' dir='ltr'>slis).</span> <span class='ocrx_word' id='word_1_308' title='bbox 512 4142 566 4196; x_wconf 83' lang='lat' dir='ltr'>Sed</span> <span class='ocrx_word' id='word_1_309' title='bbox 584 4149 625 4194; x_wconf 86' lang='lat' dir='ltr'>ast</span> <span class='ocrx_word' id='word_1_310' title='bbox 636 4141 749 4195; x_wconf 86' lang='lat' dir='ltr'>verbum</span> <span class='ocrx_word' id='word_1_311' title='bbox 761 4141 812 4193; x_wconf 88' lang='lat' dir='ltr'>hoo</span> <span class='ocrx_word' id='word_1_312' title='bbox 825 4158 873 4212; x_wconf 91' lang='lat' dir='ltr'>pro</span> <span class='ocrx_word' id='word_1_313' title='bbox 885 4142 1007 4194; x_wconf 73' lang='lat' dir='ltr'>doassurc</span> <span class='ocrx_word' id='word_1_314' title='bbox 1021 4138 1058 4207; x_wconf 92' lang='lat' dir='ltr'>(p.</span> <span class='ocrx_word' id='word_1_315' title='bbox 1072 4139 1133 4188; x_wconf 68' lang='lat'><strong>440.</strong></span> <span class='ocrx_word' id='word_1_316' title='bbox 1148 4139 1214 4200; x_wconf 70' lang='lat'>8523</span> <span class='ocrx_word' id='word_1_317' title='bbox 1249 4198 1251 4201; x_wconf 89' lang='lat'>.</span> 
     </span>
     <span class='ocr_line' id='line_1_38' title="bbox 53 4219 1218 4297; baseline 0.001 -25"><span class='ocrx_word' id='word_1_318' title='bbox 53 4219 69 4272; x_wconf 89' lang='lat' dir='ltr'>i.</span> <span class='ocrx_word' id='word_1_319' title='bbox 81 4240 103 4274; x_wconf 89' lang='lat' dir='ltr'>e.</span> <span class='ocrx_word' id='word_1_320' title='bbox 113 4226 251 4290; x_wconf 85' lang='lat' dir='ltr'>concutio,</span> <span class='ocrx_word' id='word_1_321' title='bbox 267 4242 422 4279; x_wconf 85' lang='lat' dir='ltr'>commoveo</span> <span class='ocrx_word' id='word_1_322' title='bbox 434 4233 581 4291; x_wconf 86' lang='lat' dir='ltr'>mortuum,</span> <span class='ocrx_word' id='word_1_323' title='bbox 591 4226 704 4297; x_wconf 84' lang='lat' dir='ltr'>vivum),</span> <span class='ocrx_word' id='word_1_324' title='bbox 713 4226 815 4296; x_wconf 82' lang='lat' dir='ltr'>primae</span> <span class='ocrx_word' id='word_1_325' title='bbox 827 4242 957 4296; x_wconf 79' lang='lat' dir='ltr'>personae</span> <span class='ocrx_word' id='word_1_326' title='bbox 969 4231 1002 4277; x_wconf 91' lang='lat' dir='ltr'>ut</span> <span class='ocrx_word' id='word_1_327' title='bbox 1013 4222 1066 4276; x_wconf 80' lang='lat' dir='ltr'>alie</span> <span class='ocrx_word' id='word_1_328' title='bbox 1077 4220 1218 4291; x_wconf 83' lang='lat' dir='ltr'>sequentis</span> 
     </span>
     <span class='ocr_line' id='line_1_39' title="bbox 54 4303 1269 4382; baseline -0.002 -21"><span class='ocrx_word' id='word_1_329' title='bbox 54 4303 130 4360; x_wconf 69' lang='lat' dir='ltr'>barin</span> <span class='ocrx_word' id='word_1_330' title='bbox 142 4310 241 4378; x_wconf 64' lang='lat' dir='ltr'>waler</span> <span class='ocrx_word' id='word_1_331' title='bbox 255 4308 333 4378; x_wconf 84' lang='lat' dir='ltr'>(ferio</span> <span class='ocrx_word' id='word_1_332' title='bbox 345 4310 490 4382; x_wconf 88' lang='lat' dir='ltr'>morbum),</span> <span class='ocrx_word' id='word_1_333' title='bbox 501 4311 644 4364; x_wconf 76' lang='lat' dir='ltr'>admuinur</span> <span class='ocrx_word' id='word_1_334' title='bbox 656 4309 798 4364; x_wconf 76' lang='lat' dir='ltr'>imldnicid</span> <span class='ocrx_word' id='word_1_335' title='bbox 807 4311 879 4380; x_wconf 89' lang='lat' dir='ltr'>(volo</span> <span class='ocrx_word' id='word_1_336' title='bbox 892 4327 951 4366; x_wconf 83' lang='lat' dir='ltr'>eam</span> <span class='ocrx_word' id='word_1_337' title='bbox 960 4306 1127 4362; x_wconf 76' lang='lat' dir='ltr'>sanctionem</span> <span class='ocrx_word' id='word_1_338' title='bbox 1137 4323 1218 4376; x_wconf 82' lang='lat' dir='ltr'>quam</span> <span class='ocrx_word' id='word_1_339' title='bbox 1265 4325 1269 4332; x_wconf 79' lang='grc'><strong>’</strong></span> 
     </span>
     <span class='ocr_line' id='line_1_40' title="bbox 53 4391 770 4466; baseline 0.004 -22"><span class='ocrx_word' id='word_1_340' title='bbox 53 4391 169 4455; x_wconf 72' lang='lat' dir='ltr'>praebuit</span> <span class='ocrx_word' id='word_1_341' title='bbox 180 4393 344 4459; x_wconf 78' lang='lat' dir='ltr'>Dinncecbt,</span> <span class='ocrx_word' id='word_1_342' title='bbox 358 4396 478 4450; x_wconf 85' lang='lat' dir='ltr'>medicus</span> <span class='ocrx_word' id='word_1_343' title='bbox 491 4395 678 4466; x_wconf 83' lang='lat' dir='ltr'>peritissimus,</span> <span class='ocrx_word' id='word_1_344' title='bbox 693 4396 770 4466; x_wconf 89' lang='lat' dir='ltr'>suis).</span> 
     </span>
    </p>

    <p class='ocr_par' dir='ltr' id='par_1_14' title="bbox 103 4475 1220 4550">
     <span class='ocr_line' id='line_1_41' title="bbox 103 4475 1220 4550; baseline -0.003 -19"><span class='ocrx_word' id='word_1_345' title='bbox 103 4477 129 4502; x_wconf 75' lang='lat'>*⁶</span> <span class='ocrx_word' id='word_1_346' title='bbox 145 4477 233 4532; x_wconf 77' lang='lat' dir='ltr'>Poeta</span> <span class='ocrx_word' id='word_1_347' title='bbox 252 4479 344 4533; x_wconf 88' lang='lat' dir='ltr'>illudit</span> <span class='ocrx_word' id='word_1_348' title='bbox 355 4480 475 4550; x_wconf 82' lang='lat' dir='ltr'>pristinis</span> <span class='ocrx_word' id='word_1_349' title='bbox 488 4481 544 4535; x_wconf 88' lang='lat' dir='ltr'>suis</span> <span class='ocrx_word' id='word_1_350' title='bbox 557 4481 794 4550; x_wconf 82' lang='lat' dir='ltr'>superstitionibus</span> <span class='ocrx_word' id='word_1_351' title='bbox 807 4480 935 4534; x_wconf 90' lang='lat' dir='ltr'>inductus</span> <span class='ocrx_word' id='word_1_352' title='bbox 947 4478 975 4532; x_wconf 93' lang='lat' dir='ltr'>in</span> <span class='ocrx_word' id='word_1_353' title='bbox 987 4476 1126 4530; x_wconf 90' lang='lat' dir='ltr'>meliorem</span> <span class='ocrx_word' id='word_1_354' title='bbox 1138 4481 1166 4530; x_wconf 87' lang='lat' dir='ltr'>et</span> <span class='ocrx_word' id='word_1_355' title='bbox 1178 4475 1220 4529; x_wconf 86' lang='lat' dir='ltr'>fir·</span> 
     </span>
    </p>
   </div>
   <div class='ocr_carea' id='block_1_7' title="bbox 0 0 1494 5054">
    <p class='ocr_par' dir='ltr' id='par_1_15' title="bbox 0 0 1494 5054">
     <span class='ocr_line' id='line_1_42' title="bbox 0 0 1494 5054; baseline 0 6"><span class='ocrx_word' id='word_1_356' title='bbox 0 0 1494 5054; x_wconf 95' lang='lat' dir='ltr'> </span> 
     </span>
    </p>
   </div>
  </div>
 </body>
</html>
