2994 5052
294 332 357 396 686
544 336 606 398 IV.
625 340 655 398 3.
687 353 954 400 consummans
970 355 1207 400 sarrsrrsrcss.

379 503 542 568 Particula
561 505 671 568 eadem
694 504 823 588 copulat
843 503 892 568 bis
907 504 958 568 rel
974 503 1101 588 saepius
1115 502 1230 586 posita,
1247 503 1328 566 dum
1341 501 1456 587 disjrm·

292 609 341 693 git
355 609 511 693 particula
524 611 594 686 ΑΕ,
612 605 747 694 'quarum
763 610 822 673 hoe
837 609 907 674 loco
922 609 1030 673 statim
1044 607 1191 674 consocio
1205 607 1365 690 exempla.

378 715 435 778 AC
452 753 494 762 —
507 716 576 792 AO,
595 717 625 778 A
641 753 680 764 -
696 717 726 778 A
742 718 788 796 (et
804 753 842 764 —
859 725 908 792 et,
926 727 992 778 tam
1008 753 1051 764 -
1066 717 1195 797 quam):
1220 713 1456 797 yywassanaess

292 843 390 906 qoreu
412 821 558 904 aallwff
577 820 623 882 mi
642 843 680 884 αθ
699 821 819 905 qwnaf
833 843 871 884 αα
892 821 977 884 idaw
992 844 1065 905 acy
1081 819 1182 884 αανθ1
1197 817 1368 900 (servitum
1382 818 1456 902 opti·

293 947 383 990 mum
403 947 498 1008 quem
518 947 649 1010 possum
668 926 783 990 faciam
804 937 836 989 et
851 926 913 1010 ipsi
927 937 960 989 et
974 927 1043 1010 ejus
1058 929 1153 1009 equo)
1170 926 1258 988 Mab.
1278 928 1308 1000 2,
1333 931 1384 987 13.
1408 925 1456 1008 dy-

289 1033 436 1116 qudaw
463 1031 694 1117 awnaetltpwyt
711 1053 777 1115 yae
798 1053 910 1118 aywyr
927 1031 1039 1095 αθΙιιαα
1059 1053 1169 1094 ανααθα
1191 1030 1367 1112 (incurrere
1381 1028 1456 1112 jussi

295 1147 371 1200 tune
394 1147 460 1200 tam
480 1137 540 1199 viri
560 1158 657 1219 quam
677 1159 771 1200 canes
793 1137 828 1200 in
843 1159 928 1214 eum,
948 1138 1075 1220 aprum)
1092 1141 1123 1213 2,
1142 1143 1215 1198 244.
1248 1137 1335 1200 Cum
1349 1155 1456 1218 prone

285 1241 380 1306 ¹mine
402 1243 577 1326 possessivo
599 1249 628 1304 3.
647 1265 695 1326 ps.
714 1265 752 1306 αθ
766 1281 808 1292 -
823 1265 881 1306 ae:
905 1265 978 1306 naw
995 1241 1124 1325 qwidon
1143 1242 1227 1306 eneis
1239 1242 1344 1326 yssyd
1355 1259 1455 1325 ymo

292 1347 430 1412 widonot
449 1348 601 1432 kaeloyw.
620 1371 658 1410 αθ
680 1355 728 1412 ἰαί
749 1371 786 1412 αθ
800 1369 885 1412 mam
897 1356 956 1432 qyt
970 1369 1008 1410 αα
1022 1357 1109 1430 wynt
1123 1349 1252 1429 (novem
1267 1346 1395 1428 striges,
1413 1367 1455 1407 ca·

292 1453 426 1528 tissime,
445 1465 521 1516 sunt
543 1453 596 1514 hie
618 1475 635 1514 e
657 1453 808 1536 strigibus
824 1452 1062 1528 Calevensibus,
1081 1474 1252 1534 eanimque
1275 1461 1309 1514 et
1325 1463 1418 1534 pater
1430 1461 1456 1512 et

292 1568 393 1620 mater
415 1581 480 1620 una
500 1580 574 1622 eum
589 1559 649 1640 eis)
666 1560 754 1622 Mab.
776 1565 804 1634 1,
824 1563 897 1622 256.
929 1560 992 1622 Per
1006 1559 1227 1641 pleonasmum
1242 1579 1281 1619 αθ
1296 1593 1337 1604 -
1354 1579 1394 1619 αθ
1408 1578 1455 1617 ae.-

293 1685 418 1746 aqouyn
438 1685 535 1726 aoruc
557 1664 606 1726 idi
622 1685 660 1726 αθ
681 1663 754 1727 hihi
774 1665 834 1726 oed
844 1686 889 1748 yn
904 1663 984 1726 dodi
995 1665 1133 1748 ydanaw
1146 1663 1295 1748 ymadaw
1310 1685 1351 1724 αθ
1367 1659 1455 1746 hoya

293 1789 331 1830 αθ
353 1790 391 1830 αθ
411 1768 504 1832 αίαθν
519 1772 565 1850 (et
586 1791 735 1852 quaerere
754 1791 795 1832 ex
809 1791 857 1846 ea,
875 1791 955 1832 num
969 1769 1039 1853 ipsa
1053 1789 1128 1831 eum
1142 1767 1268 1831 fecisset
1283 1768 1455 1850 relinquere

293 1883 359 1936 tam
374 1874 529 1956 populum
544 1896 639 1937 suurn
654 1897 750 1957 quam
765 1875 953 1955 exereitum)
971 1881 1001 1952 2,
1020 1881 1072 1936 34.

377 1980 436 2042 AE
455 2015 492 2026 -
505 1979 563 2042 ΑΕ
576 1981 646 2060 (aut
666 2018 696 2026 -
710 1985 796 2061 aut):
815 2004 835 2065 y
848 1980 1020 2064 kaffwyfy
1033 2001 1133 2042 αναθα
1144 2001 1183 2042 αθ
1194 2001 1232 2042 θα
1243 1977 1365 2064 bensfie
1375 1999 1456 2040 acar

292 2086 409 2170 wystyl
422 2087 559 2166 (sumam
575 2107 662 2147 arma
674 2096 730 2148 aut
742 2095 888 2148 mutuata
900 2095 956 2148 aut
967 2085 1002 2147 in
1013 2084 1145 2168 pignus)
1159 2085 1247 2148 Meb.
1263 2089 1295 2160 2,
1312 2091 1365 2146 11.
1385 2081 1455 2147 aba

291 2213 342 2274 yw
365 2191 495 2274 yennyf
509 2189 645 2254 ααιὶοθίΙι
666 2189 830 2274 ywrtlsunt
848 2190 906 2252 heb
928 2191 985 2252 lad
1005 2212 1043 2252 αθ
1066 2189 1116 2252 rei
1134 2191 1278 2253 enudant
1297 2212 1337 2252 αθ
1358 2187 1457 2272 1ωόφί

294 2300 494 2378 (persuasum
509 2307 558 2358 est
572 2293 663 2371 mihi,
678 2297 764 2378 quod
778 2317 845 2358 non
856 2295 883 2358 it
893 2297 934 2358 ab
945 2296 1001 2372 eis,
1017 2296 1096 2379 quin
1108 2295 1257 2358 occiderit
1267 2307 1326 2358 aut
1337 2294 1454 2378 aliquos
1490 2355 1491 2360 ,

293 2423 333 2463 ex
353 2401 397 2464 eis
419 2411 475 2464 sut
497 2403 620 2482 omnes)
638 2405 668 2476 2,
689 2407 739 2464 53.
764 2401 807 2484 dy
822 2401 935 2484 ellwnq
949 2423 987 2463 αθ
1000 2423 1041 2485 yr
1056 2423 1113 2464 eur
1127 2423 1166 2464 αθ
1179 2423 1220 2484 yr
1234 2407 1356 2484 aryant
1368 2419 1409 2460 αθ
1421 2419 1455 2481 yr

290 2505 607 2589 yolutpressennawl
617 2553 624 2569 .
639 2555 645 2568 .
659 2505 817 2586 (liberatio
830 2517 886 2568 tua
896 2517 953 2570 aut
963 2527 1020 2590 per
1031 2528 1144 2570 aurum
1156 2517 1213 2568 aut
1223 2527 1281 2589 per
1291 2517 1455 2589 argentum

292 2621 349 2674 aut
363 2633 419 2694 per
433 2612 553 2674 donum
568 2611 742 2694 pretiosum
758 2623 838 2688 ete.;
856 2612 897 2674 cf.
914 2633 948 2694 p.
968 2615 1043 2692 634)
1061 2617 1091 2690 2,
1111 2617 1185 2674 234.

378 2715 551 2780 Cornica
580 2729 613 2779 et
633 2717 832 2780 armorica
858 2715 1041 2800 conjunctio
1061 2716 1242 2802 copulativa
1262 2715 1375 2778 eodem
1399 2713 1454 2776 fere

292 2822 386 2884 modo
407 2832 560 2886 tractatur
581 2831 618 2886 ut
639 2821 808 2898 embrica,
824 2834 957 2907 excepto
979 2824 1064 2906 quod
1087 2834 1199 2886 tenues
1221 2831 1391 2904 sequentes
1413 2819 1454 2880 in·

293 2938 395 2992 tactae
409 2939 551 2990 manent.

378 3035 474 3096 Corn.
492 3033 602 3107 HAG,
618 3033 698 3096 HA:
718 3032 855 3118 thoaoy
868 3032 1049 3119 tysquelhas
1061 3055 1127 3097 οων
1137 3033 1201 3116 laq
1212 3030 1355 3116 arqlsans
1363 3027 1454 3114 ααθῖι

293 3138 336 3202 luz
355 3138 453 3221 quella
474 3137 517 3200 Ιια
538 3137 682 3222 kynsmys
701 3161 745 3222 yn
769 3139 824 3223 bys
843 3161 881 3202 us
902 3159 957 3200 vas
973 3137 1017 3220 (ei
1031 3137 1221 3202 monstravit
1235 3159 1352 3200 aurum
1365 3149 1398 3200 et
1411 3157 1454 3198 ar·

292 3253 436 3326 gentum,
453 3264 585 3326 gramen
605 3255 637 3306 et
658 3244 783 3306 arbores
805 3255 838 3306 et
861 3243 946 3325 quod
966 3242 1001 3306 in
1016 3245 1137 3306 mundo
1151 3253 1201 3304 est
1214 3243 1352 3324 bonum)
1368 3243 1452 3304 Pass.

296 3354 346 3424 16,
363 3354 393 3410 2.
410 3355 439 3410 3.
457 3350 554 3412 seseli
565 3349 608 3412 Ιια
623 3347 710 3414 sothe
725 3349 822 3430 (stare
838 3359 870 3411 et
884 3349 1008 3429 cadere)
1026 3354 1077 3424 22,
1095 3355 1124 3410 3.
1143 3369 1234 3432 myas
1249 3369 1286 3410 us
1302 3346 1454 3429 mmmllys

292 3463 342 3517 ret
350 3453 497 3538 flamyas
519 3455 562 3517 Ιια
582 3464 611 3520 te
630 3475 687 3538 yar
708 3453 783 3537 syth
804 3475 847 3537 ny
864 3475 986 3537 qewsys
1008 3455 1107 3536 (quod
1129 3453 1329 3536 disputatum
1351 3463 1409 3528 est,
1427 3461 1454 3512 te

293 3558 441 3634 convicit,
459 3561 514 3621 sed
535 3570 571 3622 tu
593 3561 724 3622 verbum
745 3580 812 3620 non
830 3558 953 3640 dixisti)
971 3564 1022 3635 92,
1043 3565 1073 3622 2.
1093 3567 1123 3622 3.
1157 3557 1290 3641 Propria
1304 3555 1455 3641 particule

292 3663 488 3726 adversativa
510 3665 635 3728 cornice
654 3664 771 3748 legitur
793 3685 857 3725 mes
881 3665 963 3746 (sed)
980 3666 1070 3728 Pass.
1090 3671 1141 3740 54,
1162 3670 1192 3726 3.
1212 3668 1263 3739 82,
1284 3670 1314 3725 3.
1334 3667 1406 3736 201,
1425 3667 1452 3734 4,

292 3769 343 3832 vel
357 3791 426 3832 mas
442 3770 496 3849 (cf.
514 3769 590 3852 gall.
608 3769 682 3832 hod.
701 3768 821 3850 mais2)
839 3776 891 3845 47,
910 3774 940 3831 2.
960 3777 1011 3846 51,
1033 3777 1061 3832 1.

379 3875 462 3938 Cum
481 3875 668 3957 pronomine
688 3875 865 3957 possessivo
888 3887 920 3937 et
939 3874 1073 3938 articulo
1093 3875 1290 3938 coalescens:
1316 3873 1366 3938 the
1379 3891 1454 3934 soor·

294 3979 384 4064 thaff
398 4002 434 4042 αθ
454 3979 530 4042 ham
553 3980 623 4064 lays
638 3981 691 4061 (de
713 4001 766 4042 me
788 3993 820 4042 et
837 3980 907 4062 lege
921 4001 1003 4056 mea,
1022 3979 1160 4062 quaeris)
1176 3981 1268 4043 Pasa.
1288 3985 1340 4056 80,
1360 3985 1387 4040 1.
1411 3997 1455 4038 ow

293 4086 363 4169 lays
387 4084 459 4148 haw
480 4085 616 4148 lavarow
636 4086 707 4148 euel
726 4109 746 4148 a
761 4107 862 4170 vynno
878 4108 899 4169 y
912 4085 1031 4169 qlewas
1048 4086 1164 4169 (legem
1178 4095 1329 4148 meamet
1344 4103 1456 4146 sermo-

292 4211 349 4254 nes
371 4211 459 4252 meos
480 4190 536 4272 qui
558 4190 693 4254 voluerit
716 4189 839 4271 audire)
859 4197 909 4266 79,
929 4196 958 4252 2.
981 4213 1002 4274 y
1024 4191 1095 4255 ooth
1114 4191 1186 4277 thys
1198 4191 1331 4274 qorthye
1346 4186 1400 4270 thy
1415 4185 1456 4248 du

294 4295 357 4380 hay
373 4295 486 4358 hanow
501 4299 639 4377 (oportet
655 4306 685 4358 te
701 4295 842 4359 venerari
858 4298 954 4359 deum
971 4306 1062 4358 tuum
1078 4307 1111 4360 et
1126 4297 1195 4380 ejus
1210 4297 1341 4374 nomen)
1359 4299 1410 4368 17,
1426 4297 1453 4350 1.

378 4403 503 4462 Armor.
521 4399 626 4474 HAC,
646 4401 727 4462 HA:
754 4401 797 4463 da
820 4411 947 4464 monet.
968 4448 975 4462 .
994 4399 1071 4486 cuff
1084 4402 1145 4466 Ιιαθ
1166 4401 1240 4465 eliel
1251 4399 1336 4484 equit
1348 4395 1456 4480 quela·
