3004 5066
88 401 247 448 annsnmx.
276 405 457 452 sonorosior
473 407 619 454 conicum
636 408 779 454 uineas.
798 407 902 452 carso.
922 409 971 454 so.
989 409 1031 454 nr
1046 408 1097 454 cn.
1148 386 1230 450 1035

85 552 160 616 ciunt
172 554 268 620 activa
283 556 572 639 incompositione,
591 559 669 620 adeo
684 569 717 622 et
731 559 836 634 adcor,
856 559 952 622 subeo
967 569 1000 622 et
1015 559 1138 630 subeor,
1157 555 1229 620 ineo

85 669 111 720 et
128 658 216 722 iocor.
247 661 382 726 Ovidius
404 661 438 726 in
461 675 574 744 quarto
597 665 781 728 Fastorum:
809 664 869 728 Sol
888 665 1007 740 editoe,
1025 684 1120 747 quom
1134 683 1229 746 quoe-

83 762 131 839 rt'e,
153 764 204 842 ait,
228 789 266 832 ne
286 790 371 832 vano
393 769 526 846 labores,
547 779 647 852 nupto
663 758 753 834 Jove
767 769 880 854 fratri
900 769 994 834 tertia
1015 791 1113 853 repno
1137 775 1228 830 tenet.

83 867 229 936 Juvenalis
249 873 284 938 in
307 873 436 956 quinto:
467 875 562 945 Quod
573 875 604 940 αι’
617 876 790 942 subeuntur
799 897 958 958 prospera
974 884 1092 940 costra.
1125 873 1231 956 Virgi-

82 973 133 1036 lius
157 975 189 1040 in
210 978 348 1042 decimo:
380 981 488 1046 Morte
511 981 596 1046 obita
618 981 724 1066 qualis
738 982 839 1066 foma
861 992 908 1048 eet
928 981 1061 1046 volitare
1071 975 1232 1064 fiqrtroc.b

82 1080 257 1161 Parciorem,
274 1087 403 1168 quando
417 1109 491 1152 cum
505 1087 794 1172 praepositionibus
809 1087 1021 1171 componitur,
1039 1085 1179 1150 activum
1194 1085 1232 1148 fit

80 1185 259 1272 plerumque,
280 1203 316 1254 ut
328 1193 441 1258 efficio
460 1177 493 1258 et
516 1193 645 1270 efficior,
664 1193 768 1258 afficio
790 1205 822 1258 et
844 1194 975 1270 afficior,
993 1191 1099 1257 reficio
1114 1202 1146 1255 ct
1161 1191 1231 1254 refi-

79 1291 143 1356 cior.
179 1297 317 1374 Deficio,
342 1300 470 1382 quando
490 1323 548 1384 pro
569 1299 716 1383 relinquo
738 1300 911 1384 accipitur,
937 1299 1033 1364 habet
1055 1298 1230 1380 passivum,

79 1402 285 1478 quandovero
307 1425 365 1487 pro
384 1401 579 1482 deletiscor‚⁸
601 1419 754 1470 neutrum
775 1417 834 1472 est.
866 1405 1034 1470 luvenalis
1058 1404 1092 1468 in
1117 1402 1229 1466 tertio:

77 1504 126 1568 Sic
138 1507 249 1572 Motho
271 1509 389 1594 deficit.
420 1512 451 1572 A
472 1511 565 1578 renio
580 1534 654 1578 vero
668 1506 843 1576 convenio⁷
857 1523 890 1576 ct
904 1511 1086 1587 convenior,
1104 1508 1233 1572 invenio

78 1621 105 1674 et
123 1613 263 1680 invenior
284 1617 320 1680 in
335 1615 493 1698 passivam
510 1629 678 1686 transeunt
693 1618 970 1702 significationem.
1002 1619 1033 1681 A
1048 1617 1141 1681 sedeo
1156 1635 1233 1698 quo-

75 1739 128 1799 que
141 1721 268 1786 obsideo
283 1733 316 1786 et
330 1723 485 1788 obsideor.
512 1724 624 1790 Sentio
639 1737 802 1800 neutrum,
820 1747 861 1788 ex
876 1746 913 1788 eo
928 1723 1067 1788 assentio
1081 1734 1114 1788 ct
1128 1742 1234 1786 assen-

76 1823 136 1901 tior,
150 1838 181 1890 et
195 1829 351 1894 dissentio
365 1839 398 1894 et
409 1829 590 1907 distentior,
605 1831 640 1896 in
652 1853 718 1894 uno
729 1832 902 1913 eademque
914 1829 1124 1894 inveniuntur
1135 1825 1234 1912 signi-

73 1931 219 1999 ficatione.
254 1935 366 2000 Cicero
388 1937 427 2000 de
449 1937 629 2021 republica:
656 1937 697 2002 Io
718 1936 830 2021 quidus
852 1935 1007 2002 assentior
1022 1934 1191 2000 sollicitam
1206 1941 1237 1998 et

66 2037 273 2116 periculosam
284 2041 450 2124 ymtitiom
473 2067 535 2108 noo
556 2065 623 2110 esce
643 2043 806 2126 copientis.
841 2043 984 2108 Lucilius
1005 2043 1040 2106 in
1056 2043 1146 2106 XII:
1171 2043 1235 2105 As-

70 2163 171 2212 census
191 2169 264 2212 serm
279 2147 409 2212 homini.
443 2147 601 2214 Caecilius
617 2148 652 2212 in
667 2150 787 2233 primo:
816 2149 882 2220 Qut
895 2149 1077 2234 intellegunt
1091 2147 1249 2232 quidsu-

71 2247 165 2328 dant,
192 2254 437 2320 detestentur.
475 2255 526 2320 Ex
548 2254 619 2318 aliis
643 2275 770 2339 quoque
788 2255 1077 2340 significationibus
1098 2253 1237 2338 plurimu

70 2355 223 2441 simplicia
244 2361 279 2424 in
294 2361 385 2438 alias,
403 2381 477 2426 cum
491 2373 739 2444 componuntur,
758 2361 891 2426 transire
907 2361 1062 2437 invenies,
1080 2373 1118 2424 ut
1132 2359 1237 2444 plecte

67 2464 213 2530 activum.
249 2469 344 2532 Unde
359 2467 545 2532 Terentius:
563 2469 634 2550 Epo
642 2467 769 2550 plector
777 2469 932 2551 pendens.
967 2467 1030 2530 Sed
1045 2468 1085 2530 ab
1099 2487 1137 2530 eo
1152 2487 1236 2530 com·

67 2570 164 2650 posita
185 2586 255 2638 tam
276 2573 470 2657 deponentia
490 2595 588 2656 quam
610 2572 793 2638 communic
813 2571 1033 2638 inveniuntur.
1066 2571 1159 2636 Orior
1182 2573 1235 2636 de·

65 2696 201 2757 ponens,
229 2679 375 2744 similiter
393 2678 529 2762 partior,
554 2679 608 2744 sed
632 2701 672 2744 ex
693 2679 739 2744 eis
762 2677 937 2761 composite
959 2689 1031 2744 tam.
1045 2677 1238 2761 deponentia

66 2801 158 2863 quam
169 2797 290 2850 neutra
301 2785 521 2860 inveniuntur,
532 2779 677 2848 ιιιΙοιίοι8
689 2795 721 2847 et
732 2783 851 2861 adorio,
861 2784 1025 2868 impertior
1036 2794 1068 2848 et
1077 2783 1235 2866 impertio.

64 2886 206 2954 Naevius
230 2892 266 2954 in
281 2893 422 2956 Hectore
443 2891 677 2975 proficiscente:
707 2893 795 2956 Touo
815 2889 900 2972 ι’ριοε
923 2889 1083 2966 odorioot,
1107 2912 1146 2956 ne
1167 2891 1238 2974 quis

64 2991 301 3078 biscopus-tam
313 2996 604 3082 reserotnootiom.
625 2995 781 3080 Virgilius
790 2995 862 3062 inI.
873 2995 1048 3062 Aeneidos:
1063 2997 1237 3078 Hiocpor-

63 3107 126 3166 osa
133 3103 226 3184 petit
235 3111 266 3170 et
279 3103 378 3166 socios
388 3101 580 3184 portitoris:
593 3123 708 3166 omnes.
736 3103 905 3168 Terentius
917 3103 951 3166 in
964 3103 1139 3168 Eunucho:
1158 3103 1239 3166 Plu·

61 3205 144 3272 :ima
159 3209 268 3276 solute
278 3209 510 3274 Parmenonem
524 3229 680 3274 sommum
692 3230 784 3274 mcum
795 3208 937 3291 impertit
952 3208 1090 3272 ertho.
1118 3207 1236 3290 spicio,

60 3333 77 3376 a
92 3335 158 3396 quo
174 3313 297 3396 aspicio
312 3313 463 3390 activum,
479 3328 510 3378 et
525 3335 565 3378 ex
580 3335 617 3376 eo
633 3315 797 3399 conspicor
810 3314 1003 3398 conspiceris
1014 3315 1188 3398 deponens,
1203 3313 1238 3380 iu

59 3437 123 3500 quo
147 3421 252 3486 etiam
274 3419 458 3504 conjugatio
479 3430 603 3484 mutata
626 3431 685 3484 est.
719 3419 888 3486 Terentius
903 3421 937 3484 in
953 3421 1240 3488 Heautontimoru-

59 3545 175 3589 meno:
195 3527 374 3610 Nunquam
391 3535 454 3592 tom
470 3547 563 3590 mane
574 3525 730 3610 egredior,
745 3549 844 3610 aeque
856 3519 920 3592 toria
933 3527 1063 3610 vesperi,
1079 3527 1156 3612 quin
1168 3549 1240 3590 coo·

56 3631 167 3712 sps'cer
185 3633 340 3716 tefodeoe
355 3641 412 3697 aut
426 3654 533 3696 orare.
561 3635 590 3696 A
606 3631 693 3716 perio
708 3653 835 3716 quoque
850 3633 953 3700 activo
970 3635 1095 3700 videtur
1110 3633 1240 3716 quibus·

57 3737 135 3802 dam
147 3759 222 3804 esse
233 3735 399 3822 experior⁰
410 3759 590 3815 commune,
605 3749 637 3800 et
648 3737 793 3821 opperior
803 3735 829 3774 ¹⁰
840 3740 1013 3824 deponens.
1040 3737 1194 3820 Virgilius
1207 3735 1241 3800 in

55 3843 133 3908 XI:
155 3847 303 3927 Experto
317 3844 447 3920 credite,
465 3853 603 3928 quantus
625 3843 660 3906 in
683 3844 818 3926 clipeum
838 3847 1004 3929 adsurgat.
1037 3846 1242 3925 Quamquam

55 3948 204 4032 simplex
216 3950 284 4033 ejus
294 3951 417 4034 peritus
430 3949 483 4026 sit,
494 3948 585 4032 cujus
598 3951 729 4014 verbum
741 3949 776 4013 in
789 3971 850 4013 usu
860 3973 926 4014 non
937 3947 1025 4027 est,¹¹
1036 3948 1120 4032 quod
1132 3945 1242 4010 debuit

153 4125 275 4132 --—-.-—-

131 4245 149 4292 5
174 4239 231 4310 (Pr.
246 4238 290 4293 Cr.
305 4240 333 4292 in
345 4242 444 4311 marg.)
461 4259 488 4295 .ι.
503 4239 766 4310 ambasritbtscltai

131 4331 150 4380 6
173 4325 229 4396 (Pr.
244 4325 292 4398 ὃς.
309 4326 381 4397 1:5⁵)
395 4327 424 4380 in
437 4328 497 4382 cod.
513 4323 879 4382 difficiscor.1.aroclrim'm
918 4329 930 4378 7
953 4325 1008 4396 (Pr.
1023 4325 1081 4395 Cr.)
1097 4343 1125 4378 .ι.
1139 4325 1243 4396 adpone

50 4412 72 4464 Ι.
88 4411 260 4466 &ammiror
294 4413 309 4464 8
329 4411 384 4482 (Ρι.
400 4412 456 4483 Cr.)
473 4431 502 4466 .1.
516 4412 623 4468 arriotll

133 4495 523 4567 o(Pr.sg.).1.dosceuoim
567 4501 597 4550 10
616 4497 672 4567 (Pr.
688 4497 744 4568 Or.)
760 4495 950 4568 .1.fit'aot'cct'm
988 4499 1014 4548 ll
1040 4495 1096 4566 (Pr.
1111 4495 1244 4566 θωπι-
