2994 5052
1480 239 1482 350 1

281 373 343 436 700
466 374 525 437 IV.
545 380 575 434 4.
609 393 817 439 rsarrcuma
832 395 1024 440 asoarium
1039 396 1260 440 ursaanroan.

278 543 346 608 sini
360 545 417 628 (gl.
435 543 502 606 noli
517 543 617 606 altum
634 565 754 628 sapere,
773 545 828 607 sed
844 547 939 621 time;
963 545 985 607 i.
1003 567 1031 607 e.
1050 567 1091 610 ne
1106 547 1149 610 sis
1164 547 1381 624 exheredatus,
1395 569 1426 610 ne

278 650 404 713 excidas
420 671 437 712 a
452 648 596 732 veritate)
614 651 689 712 Wb.
709 647 752 712 tl.

362 755 496 832 CONA,
514 755 752 820 CONNACH:
777 757 916 822 wandala
934 759 1059 822 moidea
1077 759 1157 823 noch
1172 760 1230 842 (31.
1249 767 1287 822 ut
1301 781 1388 823 omne
1400 780 1426 821 oa
1480 745 1482 760 ⁴

277 865 459 928 obstruatur
467 886 476 937 ;
495 861 517 923 i.
536 883 564 923 e.
582 883 623 924 ne
638 861 791 944 glorietur
805 863 934 948 aliquis)
952 867 1026 928 Wb.
1042 862 1086 928 2⁵.
1119 865 1254 949 Saepius
1271 875 1375 928 tamen
1387 865 1428 926 de
1480 879 1482 976 q

277 969 415 1034 flectitur
429 969 508 1032 haec
521 967 677 1052 particula
692 966 727 1029 in
741 967 1008 1051 significationem
1022 971 1078 1034 lat.
1097 971 1144 1034 ita
1154 980 1190 1034 ut
1200 992 1282 1036 non:
1298 969 1430 1054 oonofitir
1481 1035 1482 1038 ,

277 1075 356 1139 raeci
379 1073 513 1138 dioecnit
529 1073 693 1137 indomitis
709 1073 767 1156 (gl.
785 1074 946 1157 loquimur
960 1076 1012 1140 dei
1027 1075 1217 1160 sapientiam
1231 1076 1267 1140 in
1281 1075 1427 1160 mysterio,
1481 1055 1482 1110 s

277 1203 357 1264 quae
372 1179 557 1243 abscondita
571 1191 629 1255 est,
651 1185 679 1240 1.
698 1181 772 1243 Cor.
792 1185 822 1256 2,
842 1189 859 1242 7
869 1205 878 1256 ;
897 1181 920 1243 i.
938 1203 967 1244 e.
985 1181 1031 1244 ita
1045 1193 1083 1244 ut
1097 1183 1219 1246 nesciat
1232 1182 1350 1264 aliquis
1363 1203 1378 1244 e
1391 1203 1429 1243 sa·

276 1285 437 1370 pientibus
452 1286 580 1370 mundi)
596 1287 671 1350 Wb.
691 1281 734 1348 8⁵.
760 1285 878 1349 condclt
882 1286 933 1370 fil
945 1287 1005 1350 etir
1021 1288 1079 1370 (gl.
1098 1287 1174 1351 tulit
1187 1289 1227 1350 de
1242 1287 1360 1362 medio,
1375 1286 1429 1348 chi·
1481 1333 1482 1338 1

275 1392 479 1476 rographum,
498 1393 620 1456 Coloss.
641 1397 671 1467 2,
694 1399 750 1466 143
775 1391 797 1454 i.
817 1411 845 1454 c.
864 1391 910 1454 ita
931 1403 1049 1455 utnon
1064 1393 1267 1476 sitomnino)
1283 1395 1359 1457 Wb.
1376 1395 1428 1453 2³¹.

276 1496 416 1562 aonntot
436 1519 490 1560 ase
511 1497 592 1560 ditia
614 1495 743 1560 dotant
766 1497 870 1560 condi
889 1498 977 1561 aedis
993 1499 1051 1581 (31.
1069 1499 1122 1561 hic
1144 1477 1276 1562 et'haee
1291 1498 1343 1561 dis
1355 1497 1429 1572 ditia,
1481 1529 1482 1534 ¹

276 1597 362 1666 uude
379 1603 413 1666 hi
428 1613 460 1666 et
473 1603 534 1666 hae
549 1603 630 1666 dites
645 1614 677 1666 et
692 1603 769 1665 haec
784 1601 874 1679 ditia,
892 1603 984 1686 cujus
999 1604 1233 1668 nominativum
1249 1605 1431 1688 singularem

277 1709 311 1771 in
336 1729 398 1772 usu
418 1729 485 1771 non
504 1708 632 1784 inveni;
656 1709 750 1772 debet
770 1717 877 1772 tamen
899 1711 1075 1772 seeundum
1095 1709 1276 1792 analogiam
1298 1710 1359 1773 hoc
1378 1707 1431 1772 dite
1481 1727 1482 1788 j

276 1835 355 1890 esse,
372 1833 448 1876 nam
469 1813 505 1875 in
524 1813 551 1876 is
569 1813 662 1876 finire
677 1825 828 1877 neutrum
842 1835 907 1878 non
923 1825 1039 1898 potest,
1057 1815 1158 1878 Prisc.
1178 1823 1209 1893 6,
1231 1819 1287 1891 123
1313 1815 1337 1878 i.
1354 1837 1381 1878 e.
1396 1814 1433 1876 ita
1481 1805 1482 1822 ³

278 1932 399 1983 utnon
422 1917 464 1982 sit
482 1917 631 2002 possibile
654 1919 734 1982 ditia
755 1941 822 1983 esse
837 1941 855 1982 e
870 1920 933 2002 dis)
950 1921 1006 2005 83.
1027 1918 1113 1984 1041.
1129 1943 1228 1985 meua.
1250 1969 1257 1984 .
1278 1969 1286 1983 .
1305 1919 1434 1985 marato
1480 1923 1482 2000 ζ

276 2035 307 2090 et
326 2023 633 2109 nomctarqm'pedar.
652 2025 783 2088 conciola
797 2025 894 2089 ὠὶοοη
908 2047 959 2088 mo
976 2049 1038 2090 mo.
1057 2027 1136 2092 dilen
1151 2027 1192 2090 do
1207 2027 1311 2108 apert
1328 2031 1431 2108 (mers,
1480 2083 1482 2132 l

275 2153 461 2216 pronomen,
477 2129 659 2193 manifestat
675 2142 707 2194 et
721 2130 866 2194 notificat
880 2153 944 2208 me,
958 2131 1004 2195 ita
1018 2143 1056 2195 ut
1066 2155 1132 2197 non
1144 2133 1186 2196 sit
1197 2153 1328 2196 necesse
1338 2152 1435 2194 meum

276 2259 393 2302 nomen
407 2236 571 2320 proprium
586 2236 703 2317 dicere)
717 2237 772 2320 83.
788 2234 875 2299 1001.
894 2237 1025 2301 aoaaiot
1040 2260 1124 2302 rann
1139 2237 1226 2302 inace
1232 2238 1357 2321 foleitl
1368 2237 1434 2302 ieoi·
1480 2263 1482 2324 q

277 2344 333 2408 dio
349 2343 407 2427 (31.
421 2343 475 2425 jus
497 2341 644 2404 dictionis
663 2341 827 2426 proprium
841 2343 956 2426 perdit,
974 2343 1165 2428 praepositio
1179 2343 1371 2427 composita)
1385 2343 1432 2425 83.
1480 2395 1482 2424 ,

279 2454 363 2512 212¹.
395 2447 527 2511 Accedit
548 2447 737 2530 significatio
759 2449 844 2530 quod
863 2469 944 2512 non:
968 2449 1074 2512 acceia
1096 2448 1160 2511 alte
1174 2447 1436 2513 connecterent
1480 2437 1482 2490 Ι

280 2578 318 2618 .o.
339 2556 371 2619 la
393 2553 461 2618 tait.
481 2554 538 2635 (31.
557 2553 670 2616 deinde
692 2553 862 2616 articulum
878 2555 1017 2618 Romani
1037 2575 1104 2616 non
1119 2554 1251 2630 habent,
1270 2555 1373 2618 Prisc.
1391 2559 1434 2628 13,
1480 2553 1482 2574 ⁴

278 2669 315 2736 43
334 2661 356 2723 i.
370 2683 399 2722 e.
417 2673 641 2744 argumentum
653 2657 753 2736 aliud,
768 2661 853 2743 quod
865 2681 928 2722 non
941 2670 990 2723 est
1002 2659 1154 2722 articulus
1167 2652 1186 2722 d
1198 2662 1285 2744 apud
1298 2661 1435 2740 latinos)
1478 2659 1482 2684 ⁴

277 2765 332 2850 83.
353 2762 438 2828 2071.
1480 2757 1482 2784 l

364 2881 394 2936 5.
420 2871 600 2936 particulae
623 2873 674 2937 m
691 2909 733 2919 -
747 2873 799 2936 m
821 2873 1001 2956 duplicatae
1024 2870 1193 2934 velatam
1213 2872 1437 2956 maumam
1480 2853 1482 2862 ‘

276 2979 422 3064 exempla
443 2979 615 3062 quaedam:
642 2979 711 3042 rado
729 2978 852 3042 unisse.
870 2978 961 3042 nido
976 2976 1082 3041 doioid
1097 2975 1135 3040 ni
1148 2977 1188 3039 do
1203 2977 1295 3041 ‹ialal›
1311 2979 1370 3062 (gl.
1386 2979 1437 3040 deo

276 3085 377 3170 gloria
395 3085 430 3148 in
452 3085 559 3148 secula
581 3085 777 3160 seculorum
802 3083 824 3147 i.
844 3105 873 3147 e.
891 3085 920 3148 ei
943 3085 1086 3159 debetur,
1102 3082 1214 3166 gloria,
1231 3103 1293 3147 nso
1309 3081 1437 3148 homini·

276 3192 336 3256 bus
355 3209 413 3253 nec
429 3183 595 3272 creaturis)
610 3192 686 3255 Wb.
708 3195 769 3254 18⁶.
782 3190 829 3254 *ni
841 3199 915 3253 orta
930 3191 967 3254 m'
978 3189 1045 3252 aim
1060 3187 1097 3252 m'
1111 3189 1227 3253 ᾱοηιπιι
1241 3192 1280 3252 m'
1293 3191 1381 3254 maur
1392 3207 1437 3252 oe

276 3295 347 3359 nott
370 3295 546 3359 bricthroib
567 3297 765 3360 rotabraatar
780 3318 825 3359 cr.
845 3298 917 3377 (nec
936 3295 1072 3358 altitudo
1086 3315 1145 3357 nec
1160 3295 1286 3358 coelum
1301 3317 1363 3359 nec
1376 3315 1438 3379 pro

277 3401 417 3464 frmditaa
439 3421 499 3465 nec
520 3423 606 3465 mare
627 3423 723 3486 supra
744 3403 838 3465 verba
857 3411 967 3465 sancta
981 3421 1062 3483 quae
1076 3400 1203 3464 locutus
1217 3411 1268 3464 cst
1282 3402 1437 3484 Christus)

277 3509 404 3572 Incant.
423 3507 479 3590 Sg.
497 3508 593 3572 NAN
597 3509 627 3570 D
643 3544 684 3555 -
699 3507 796 3571 NAN
798 3507 829 3570 D
843 3505 1018 3590 particulae
1036 3504 1136 3568 forma
1150 3505 1360 3572 coalescentis
1373 3527 1439 3571 curn

277 3615 372 3676 verbo
387 3612 587 3676 substantivo
602 3613 779 3698 duplicata:
798 3611 847 3676 tit
861 3609 1032 3674 lectdaata
1047 3611 1143 3674 lesam
1157 3611 1249 3675 ιἠίαη
1263 3613 1440 3678 nddtecltut

277 3717 352 3783 aatt
370 3717 422 3782 oin
437 3717 562 3782 oimsir.
581 3719 709 3802 iafollus
724 3717 796 3781 asin
813 3727 863 3781 tro
878 3717 970 3781 nond
982 3717 1071 3780 aiam
1089 3724 1105 3777 7
1118 3717 1213 3780 nand
1224 3719 1391 3784 amato
1403 3717 1439 3781 le

274 3847 334 3912 pas
350 3827 390 3890 do
406 3823 590 3908 teotdayaa‘t
606 3823 681 3888 eolat
694 3824 886 3887 daimaerad
898 3833 996 3887 noma
1007 3822 1065 3906 (gl.
1081 3821 1203 3886 vocales
1215 3826 1304 3907 apud
1316 3826 1441 3888 latinos

277 3953 387 3997 omnes
409 3941 487 3994 sunt
505 3929 659 4015 ancipites
678 3929 729 3992 vel
750 3929 900 4011 liquidae,
918 3927 979 3992 hoc
1000 3939 1049 3991 est
1062 3949 1144 4011 quae
1159 3927 1252 3992 facile
1266 3933 1364 3994 modo
1376 3949 1441 4016 pro

277 4038 352 4102 duci
373 4037 467 4101 modo
493 4035 609 4119 corripi
629 4047 782 4120 possunt,
807 4033 907 4098 Prisc.
927 4041 941 4096 1
952 4081 962 4112 ,
982 4041 1017 4110 33
1043 4031 1066 4096 i.
1084 4053 1112 4096 e.
1136 4045 1215 4098 sunt
1241 4036 1385 4120 liquidae
1404 4035 1440 4112 ci,

279 4142 454 4220 Prisciano,
478 4163 552 4204 curn
574 4141 693 4205 habent
715 4139 844 4203 nonnisi
866 4159 968 4204 unum
990 4151 1133 4224 tempua;
1159 4152 1208 4204 est
1228 4141 1353 4206 clarum
1373 4141 1443 4205 inda

279 4248 364 4332 quod
385 4259 511 4311 estnec
533 4267 650 4310 nomen
670 4268 729 4311 nec
751 4255 902 4332 potestas,
920 4265 1002 4328 quac
1025 4244 1144 4308 tribuat
1164 4245 1307 4329 liquidis,
1324 4249 1383 4311 aed
1401 4257 1461 4319 est,

279 4353 494 4438 temporalitas
509 4352 720 4434 solummodo)
737 4353 792 4436 Sg.
813 4357 854 4414 5¹.
997 4359 999 4362 ’

365 4465 395 4520 0.
421 4458 559 4541 Negatio
579 4457 740 4541 ampliata.
774 4457 927 4543 Sequitur
939 4469 997 4522 aut
1012 4477 1187 4542 pronomen
1203 4469 1261 4524 aut
1276 4459 1445 4524 substanti-
