3056 5048
236 417 298 478 566
554 417 614 480 IV.
638 425 664 478 l.
696 437 866 479 Anvffltssta
883 436 1079 478 resonantes.

236 591 312 671 que)
328 587 384 670 sg.
405 585 469 650 71¹2
495 586 641 650 briotdra
662 609 705 649 aa
727 586 809 649 calm
832 585 924 649 anull
937 587 1044 666 (verba
1064 586 1260 670 psalmorum
1275 586 1406 650 ulterio-

236 716 319 769 rum,
337 692 549 768 anteriorum3
574 693 615 755 ef.
638 713 747 775 praep.
773 692 819 768 ol,
837 705 870 754 et
892 691 1018 754 adverb.
1037 691 1149 768 indoli,
1174 692 1219 775 gl.
1239 691 1332 768 ultra,
1351 714 1405 755 su·

235 799 428 883 pradictum)
445 799 505 862 Ml.
525 803 587 861 26⁰.
612 801 713 860 aazias
730 799 856 880 (supra,
874 819 902 860 e.
921 820 969 880 gr.
987 797 1066 874 dixi,
1085 797 1196 884 scripsi
1205 822 1214 872 ;
1233 797 1273 859 ef.
1291 819 1401 881 praep.

236 911 288 982 ds,
313 909 385 987 das)
401 906 478 968 Wb.
497 905 553 988 Sg.
571 904 615 986 fq.
650 904 690 966 In
711 902 866 966 adverbiis
897 902 975 965 item
996 903 1237 986 designantibus
1258 903 1403 986 regiones

235 1011 365 1074 mundi:
374 1010 539 1095 friprecia
554 1013 649 1074 aerior
663 1019 694 1073 et
698 1009 837 1094 frietda'l
848 1007 943 1072 anciir
959 1007 1016 1092 (gl.
1036 1008 1201 1092 Illyricum
1215 1009 1302 1091 regio
1317 1007 1403 1072 inter

235 1116 365 1180 Italiam
387 1129 419 1180 et
434 1115 617 1191 Graeciam
641 1115 663 1178 i.
682 1138 710 1178 e.
728 1139 747 1178 a
762 1114 897 1178 Graecia
919 1113 953 1176 in
976 1114 1138 1178 occidente
1154 1125 1186 1178 et
1200 1115 1240 1177 ab
1257 1114 1352 1178 Italia
1367 1115 1402 1178 in

235 1223 367 1300 oriente,
387 1244 486 1305 germ.
504 1221 659 1298 westlich,
675 1220 803 1302 iistlich)
817 1221 892 1283 Wb.
909 1215 952 1282 δ”.
970 1218 1141 1282 indolence·
1154 1220 1291 1284 antdaa'd
1303 1221 1402 1284 alcide

234 1329 348 1391 andesc
364 1328 422 1411 (gl.
446 1329 527 1390 duae
549 1326 627 1389 arcti
648 1337 743 1401 sunt;
769 1326 791 1388 i.
809 1347 837 1388 e.
856 1348 921 1388 una
942 1325 977 1388 in
999 1325 1225 1408 septentrione,
1244 1327 1343 1390 altera
1365 1325 1401 1390 in

233 1433 380 1510 meridie,
403 1455 503 1516 germ.
527 1431 689 1508 niirdlich,
712 1431 851 1514 siidlich)
868 1431 923 1514 Sg.
944 1427 1007 1494 67⁶.
1030 1431 1110 1514 fria
1130 1431 1267 1496 anteaid
1284 1433 1343 1516 (gl.
1364 1431 1401 1496 in

233 1539 327 1602 India
343 1539 463 1603 Patalis
485 1538 686 1602 celeberrimo
707 1548 802 1620 portu
824 1537 872 1600 sol
886 1538 996 1600 dexter
1011 1536 1122 1613 oritur,
1141 1539 1229 1600 Reda
1244 1539 1283 1600 de
1299 1550 1398 1624 temp.

232 1655 292 1707 rat.
310 1667 338 1706 e.
359 1651 417 1721 293
437 1644 459 1706 i.
478 1665 506 1704 e.
524 1643 564 1704 ab
579 1641 623 1704 eis
640 1643 674 1704 in
689 1642 914 1725 septentrione,
932 1664 1031 1725 germ.
1049 1641 1194 1705 niirdlieh
1210 1643 1326 1725 daven)
1343 1644 1397 1707 Cr.

234 1755 296 1814 35⁰.
321 1750 458 1814 aetdaid
471 1748 684 1812 cecdedirucla
700 1748 758 1830 (gl.
777 1747 961 1830 septentrio,
979 1747 1034 1830 qui
1050 1758 1082 1810 et
1096 1748 1261 1831 aparctias,
1280 1749 1337 1811 fiat
1351 1771 1399 1812 re·

232 1869 302 1920 ctus
325 1859 365 1920 ab
387 1878 464 1932 axe,
489 1854 607 1918 faciens
628 1853 761 1936 frigora;
787 1853 810 1916 i.
828 1876 856 1916 e.
874 1865 958 1916 recte
981 1853 1016 1916 in
1038 1853 1271 1936 septentrione,
1295 1876 1397 1938 germ.

231 1965 346 2046 gerade
357 1961 528 2044 nbrdlich),
533 1959 675 2045 sorloim
686 1959 751 2022 deis
762 1961 951 2024 aat'artdaid
959 1959 1179 2043 donfrr'mpa'id
1189 1960 1259 2023 diid
1268 1961 1396 2024 circius.

222 2069 365 2154 soricius
387 2068 453 2131 cali
473 2065 662 2130 onairtdaid
683 2064 751 2129 biid
764 2065 870 2149 aquilo
886 2066 943 2149 (gl.
962 2066 1038 2129 hinc
1053 2068 1163 2129 dexter
1177 2066 1303 2144 circius,
1321 2089 1340 2130 a
1356 2066 1399 2129 si-

230 2175 339 2238 nistris
362 2174 479 2257 aquilo,
498 2174 586 2235 Beda
603 2173 642 2236 de
656 2183 723 2236 nat.
741 2193 802 2234 rer.
819 2193 848 2234 c.
868 2177 927 2247 273
952 2171 975 2234 i.
994 2194 1022 2234 e.
1048 2173 1088 2235 ad
1110 2174 1255 2236 dextram
1276 2171 1309 2237 in
1326 2194 1397 2256 sep-

230 2280 389 2344 tentrione
410 2279 597 2342 occidentaii
620 2288 748 2341 avanto
763 2277 932 2362 principali
947 2289 994 2342 est
1010 2278 1134 2354 circius,
1152 2280 1192 2340 ad
1208 2300 1340 2362 manum
1355 2278 1397 2340 si-

229 2387 363 2450 nistram
385 2385 420 2448 in
440 2383 654 2466 septentrione
674 2383 819 2446 orientali
840 2395 889 2446 est
903 2384 1021 2466 aquilo,
1039 2405 1137 2467 germ.
1155 2383 1393 2476 nordwestlieh,

229 2491 423 2555 nordiistlieh
435 2513 508 2553 vom
520 2489 741 2573 hauptwinde)
750 2491 803 2553 Cr.
818 2494 877 2551 19⁰.
903 2489 1063 2572 Regiones
1075 2489 1188 2553 mnndi
1200 2513 1218 2552 a
1230 2489 1329 2554 Celtis
1342 2491 1396 2552 de-

228 2597 387 2662 nominari
398 2620 415 2661 e
426 2597 569 2680 partibus
582 2596 718 2680 eorporis
730 2595 811 2658 versi
823 2595 858 2656 in
869 2594 1034 2671 orientem,
1046 2618 1063 2658 e
1075 2607 1164 2679 parte
1176 2595 1332 2659 anteriore
1343 2596 1396 2660 vel

227 2704 409 2789 posteriore,
427 2715 459 2765 et
481 2705 591 2772 dextra
611 2703 662 2765 vel
684 2701 822 2778 sinistra,
836 2701 905 2784 jam
924 2721 1019 2784 supra
1033 2703 1192 2764 monitum
1208 2713 1256 2764 est
1271 2705 1318 2784 (p.
1339 2709 1392 2780 67,

227 2814 324 2894 not).
357 2812 457 2873 Deest
481 2807 537 2872 illa
561 2809 728 2892 particula,
752 2808 778 2871 si
798 2827 913 2870 manus
934 2807 1062 2882 dextra,
1085 2829 1158 2890 pars
1181 2807 1309 2871 sinistra
1330 2819 1391 2871 etc.

168 2977 169 2980 ,
227 2917 437 3002 significatur,
455 2937 520 2978 non
540 2915 626 2998 regio
646 2913 776 2977 mundi:
793 2913 840 2996 fa
855 2913 925 2974 dees
947 2934 987 2974 ao
999 2912 1047 2996 fa
1069 2911 1193 2976 tanaim
1209 2913 1267 2997 (gl.
1285 2911 1332 2979 nil
1347 2913 1393 2976 fa·

225 3005 311 3086 cieris
327 3023 361 3085 in
377 3022 471 3084 aliam
486 3033 609 3104 partem
624 3019 812 3082 declinando
821 3043 831 3094 ;
850 3017 872 3080 i.
890 3041 918 3080 e.
937 3019 977 3081 ad
992 3021 1135 3081 dextram
1150 3019 1201 3081 vel
1216 3018 1390 3097 sinistram,

225 3125 333 3209 ubifa
347 3121 391 3176 -’-
407 3126 457 3202 ba,
476 3127 503 3188 si
518 3149 583 3189 non
598 3137 646 3188 est
660 3147 717 3209 pro
733 3147 841 3209 praep.
851 3124 908 3207 fo)
925 3125 1001 3187 Wb.
1021 3129 1084 3187 29⁸.
1098 3123 1115 3158 *

310 3231 476 3294 Adverbiis
498 3231 559 3294 loci
581 3230 770 3316 praemissae
791 3251 884 3313 porro
904 3229 1114 3294 inveniuntur
1136 3231 1246 3294 literae
1261 3232 1289 3294 T
1304 3245 1337 3294 et
1353 3231 1388 3309 S,

224 3334 280 3398 illa
296 3335 434 3418 quietem
450 3335 484 3398 in
499 3337 578 3414 loeo,
597 3336 675 3398 haec
690 3345 813 3397 motum
828 3335 862 3396 in
878 3336 982 3398 locum
998 3335 1193 3418 significans

309 3443 337 3504 T
358 3441 548 3524 praemissae
563 3441 725 3526 exempla:
749 3441 800 3504 siu
815 3443 857 3504 ed
874 3441 942 3505 tall.
960 3441 1011 3505 siu
1027 3431 1060 3505 et
1073 3442 1134 3506 tall
1146 3433 1294 3524 (hicnon
1309 3442 1386 3521 illie,

223 3547 275 3612 hic
298 3561 330 3610 et
350 3547 430 3630 illie)
447 3549 522 3612 Wb.
542 3543 584 3610 3⁴¹.
605 3552 667 3610 28⁶.
690 3546 753 3610 imi
767 3547 849 3612 thau
862 3547 920 3630 (gl.
939 3547 992 3610 ille
999 3573 1007 3624 ;
1033 3547 1055 3610 i.
1073 3571 1102 3612 e.
1120 3547 1147 3612 is
1163 3549 1219 3632 qui
1233 3549 1312 3632 illic)
1330 3550 1387 3634 Sg.

258 3723 429 3730 ...q-*—

290 3835 302 3861 “
319 3833 363 3887 De
381 3833 468 3886 forma
486 3833 597 3899 cirther,
612 3834 711 3888 airtdir
728 3834 873 3907 (προτέρω,
887 3835 915 3889 in
933 3835 1047 3906 oriente)
1060 3852 1142 3906 supra
1160 3837 1329 3906 disputatum
1346 3845 1390 3892 est

221 3918 259 3988 (p.
274 3917 345 3987 283).
373 3917 528 3988 Composita
546 3921 716 3974 substantiva
731 3920 826 3991 procul
845 3921 928 3974 dubio
947 3927 1011 3974 sunt
1031 3920 1156 3974 turbent
1174 3921 1260 3991 (regio
1280 3931 1388 3992 septen·

219 4003 363 4074 trionalis),
377 4003 478 4056 desem
491 4004 575 4075 (regio
588 4004 781 4076 meridionalis)
793 4026 799 4059 ι
821 4005 950 4074 cafareab
963 4005 1100 4058 tautecurt
1111 4023 1149 4058 er.
1166 4006 1237 4076 (eum
1249 4006 1315 4060 viris
1327 4025 1387 4078 sep-

219 4088 388 4142 tentrionalis
406 4087 564 4159 Hiberniae)
583 4090 682 4144 Annal.
705 4091 797 4144 Ulton.
819 4109 862 4162 ap.
882 4090 983 4144 O’Con.
998 4092 1029 4153 4,
1045 4093 1105 4144 238.
1133 4109 1180 4144 ren
1205 4091 1250 4144 uid
1276 4091 1387 4145 taediis

220 4173 345 4228 waucort
365 4173 409 4243 (ab
430 4172 560 4227 O’Neillis
577 4176 853 4247 septentrionalibus),
874 4176 902 4228 ri
916 4175 1067 4229 Daiarm'de
1084 4176 1113 4228 ia
1132 4177 1259 4230 auocare
1271 4177 1329 4248 (rex
1346 4178 1384 4232 D.

218 4259 299 4330 sept.)
312 4258 412 4312 Annal.
427 4258 519 4311 Ulton.
540 4277 583 4329 ap.
599 4259 701 4314 O’Con.
716 4266 741 4326 4,
756 4265 798 4315 23.
814 4265 873 4315 205.
888 4264 948 4314 208.
967 4261 1052 4330 psalle
1071 4261 1168 4315 deaeirt
1185 4263 1284 4315 herard
1303 4261 1386 4332 (obsi-

218 4343 265 4396 des
284 4343 409 4397 australis
428 4343 587 4415 Hiberniae)
600 4347 673 4398 Ana.
688 4346 793 4399 lnisial.
807 4365 851 4417 ap.
866 4347 968 4401 O'Con.
983 4350 1007 4410 2,
1022 4351 1064 4400 37.
1085 4365 1120 4400 aa
1140 4345 1263 4400 dedeiort
1279 4347 1386 4400 hetha

217 4428 255 4499 (in
273 4428 385 4482 meridia
403 4429 541 4498 Letaviae)
556 4429 659 4499 Hymn.
673 4431 702 4482 in
714 4431 813 4485 Patrio.
828 4439 876 4486 str.
892 4437 917 4486 5.
942 4433 1003 4486 Jam
1022 4433 1140 4486 occurrit
1159 4433 1187 4486 in
1200 4433 1244 4486 Cr.
1258 4435 1304 4484 33ο
1327 4439 1386 4487 tem·

213 4515 297 4566 rcerd.
312 4513 360 4583 (gl.
376 4512 410 4565 ad
422 4512 543 4568 boreales
556 4521 654 4584 partes,
669 4515 791 4570 ascendit
803 4517 864 4587 sol).
897 4501 902 4510 ¹
