2994 5052
134 327 171 390 V.
192 333 221 390 l.
255 346 436 394 nnnrvarro
452 348 591 396 carnaea
607 350 649 396 aa
665 351 851 400 urananrca
867 351 1094 400 nraurnsauu.
1144 333 1205 398 736

47 515 100 578 que
123 495 276 578 liquidam
305 509 448 581 correpta
473 501 644 564 statuenda
670 512 736 577 est,
760 501 838 564 elisa
857 501 1027 568 accedente
1048 504 1201 570 flexione:

46 593 194 680 Ἰσάμνιιιιι
206 602 363 682 (Hibem.
378 607 553 686 promont.)
571 605 655 669 Ptol.
681 606 848 670 Garumna
859 608 966 684 Caes„
981 607 997 642 ³
1012 609 1127 692 quibus
1142 610 1203 674 for·

46 727 95 770 san
112 708 350 772 adnumeranda
371 719 448 772 surrt
462 719 590 772 vetusta
604 710 667 774 alia
682 713 837 794 quaedam
852 712 994 790 nomina,
1012 736 1041 778 e.
1058 737 1106 798 gr.
1125 717 1202 780 Ver·

46 823 163 876 tamnus
178 812 234 892 (ef.
253 812 398 876 Vertiseo
412 813 553 897 Caesi),
571 815 763 880 Tolumnius
779 817 924 900 Propert.
943 825 976 894 4,
994 824 1024 884 2.
1046 827 1096 884 16.
1129 823 1203 888 Alia

45 927 149 994 summ,
165 917 201 982 in
222 919 336 982 eodem
355 918 424 982 loeo
444 920 586 984 vocalem
606 931 790 986 constanter
809 922 978 1000 servantia,
995 926 1102 1008 potius
1118 917 1201 994 eom-

44 1023 134 1104 pasita
153 1043 227 1086 eum
251 1034 377 1088 vetusta
398 1045 474 1088 voce
494 1024 529 1088 in
543 1047 662 1090 munus
677 1025 882 1094 derivationis
897 1037 1083 1094 transeunte
1096 1032 1201 1116 perhi-

44 1129 132 1192 benda
153 1139 243 1206 sunt,
262 1150 359 1212 quam
379 1129 505 1212 proprie
526 1130 678 1209 derivata,
697 1153 726 1198 a.
743 1153 791 1216 gr.
810 1133 987 1200 Cenomani
1003 1136 1091 1218 (ital.
1110 1149 1200 1222 sup.)

45 1232 102 1296 liv.
124 1234 254 1298 Arslerci
277 1235 454 1300 Cenomani
476 1235 577 1318 (Gall.
595 1257 692 1321 pop.;
716 1237 906 1320 Cenimagni
925 1260 977 1322 ap.
1003 1242 1094 1306 Caes.
1113 1243 1196 1310 Brit.

44 1359 106 1422 pop.
119 1361 197 1404 num
211 1339 300 1406 idem
314 1361 433 1404 nomen
446 1371 490 1394 τε
505 1341 731 1424 Cenimannii)
747 1344 838 1408 Caes.
864 1343 1057 1414 Viromanus
1074 1349 1201 1414 Istabili

41 1443 80 1506 il.
100 1443 250 1529 Inscript.
270 1447 391 1512 Murat.
413 1452 506 1522 1766,
526 1453 555 1510 1.
573 1446 765 1512 anamma
786 1449 875 1516 Iliati
889 1451 935 1514 iil.
954 1451 1083 1536 (Bojus)
1099 1453 1195 1520 Grut.

43 1555 105 1627 676,
121 1557 150 1614 3.
181 1551 374 1616 Vetomanis
389 1551 467 1617 Itin.
486 1553 581 1616 Peut.
614 1553 740 1620 Quibus
755 1555 837 1620 addo
851 1576 970 1623 nomen
985 1558 1071 1641 apud
1086 1557 1198 1624 Gallos

42 1655 163 1738 primum
177 1657 329 1722 audibam
345 1667 377 1720 et
392 1657 480 1721 baud
494 1657 591 1720 dubie
606 1669 712 1722 ornam
726 1659 891 1726 Germani.
905 1660 938 1696 ⁸*

113 1767 141 1844 a)
162 1764 251 1828 Cum
271 1762 433 1828 vocalibus
455 1762 618 1845 productis
638 1763 689 1828 vel
710 1763 929 1850 diphthongis.
962 1745 1147 1838 intorem
1162 1770 1197 1834 in

40 1867 220 1934 derivatione
239 1867 345 1932 mixta
363 1868 444 1932 IAN
459 1867 628 1932 nominum
642 1869 793 1932 Ambiani
809 1871 901 1936 Caes.
919 1871 1102 1956 Magisnua,
1120 1877 1197 1940 Cas·

39 1971 134 2037 sianus
148 1975 255 2040 Inscr.
274 1973 375 2038 Orell.
393 1981 466 2038 457.
488 1981 581 2050 1386,
599 1974 691 2038 obvia
706 1975 832 2058 saepius
847 1985 920 2059 post
933 1976 1029 2042 aliast
1047 1979 1196 2044 Volusia-

38 2099 99 2158 nus,
121 2079 357 2156 Trebellianus,
375 2079 598 2146 Matronianus
617 2101 669 2164 ap.
695 2079 804 2163 script.
825 2080 937 2146 histor.
955 2095 1083 2166 august.
1114 2065 1175 2152 EN
1185 2108 1193 2148 :

94 2267 107 2292 '
123 2266 164 2320 Cl.
174 2263 373 2336 “gromnarum
392 2261 595 2336 opportunitas”
610 2265 672 2318 Vita
688 2266 716 2320 S.
731 2265 835 2320 Bertini
849 2266 911 2320 abb.
926 2265 1009 2336 belg,
1024 2267 1096 2322 Boll.
1110 2267 1185 2342 Sept.

37 2353 58 2414 7,
71 2353 123 2414 662,
137 2349 185 2403 ubi
197 2349 312 2402 additur
324 2356 404 2402 notar
419 2347 573 2419 “promane,
585 2368 713 2420 pronsas,
728 2351 787 2403 loca
798 2351 930 2421 palustria
942 2361 970 2405 et
983 2349 1123 2406 herbosa”.
1149 2355 1193 2408 An

36 2434 75 2489 lat.
85 2453 193 2506 promen
213 2453 229 2488 e
247 2451 387 2504 purcman,
402 2433 486 2487 arad.
499 2451 559 2504 par,
573 2443 605 2488 nt
617 2435 757 2488 imitamur
769 2453 802 2488 er
814 2435 932 2500 im'tors,
948 2453 1032 2506 germ.
1044 2455 1110 2507 pras
1124 2438 1194 2508 (gra-

36 2522 108 2591 men),
118 2521 200 2590 moni
210 2519 340 2590 (viridis),
356 2537 474 2588 operar,
485 2519 584 2588 paroni
596 2519 641 2592 (ei.
655 2537 755 2573 masor.
770 2521 839 2585 dori,
854 2521 980 2594 viridia?

83 2607 108 2634 '⁹
124 2606 158 2662 In
175 2605 296 2660 vetustis
313 2604 468 2658 nominibus
486 2605 605 2660 virorum
624 2603 764 2658 cambrieis
782 2613 810 2660 st
822 2605 959 2660 amaricis
971 2606 1118 2661 terminans
1130 2626 1194 2662 maa

36 2689 130 2744 brev·
145 2690 271 2746 vocalem
289 2689 421 2754 ostendit,
442 2707 511 2760 quae
527 2689 664 2760 primitiva
681 2690 762 2744 etiam
781 2689 864 2744 fuerit
882 2690 911 2744 in
928 2689 1037 2742 nomine
1054 2691 1191 2746 Germani.

36 2773 115 2846 Hujus
124 2777 274 2830 novissima
283 2775 469 2846 interpretatio
478 2775 550 2828 facta
559 2781 601 2828 est
609 2791 624 2826 e
633 2774 719 2828 subst.
728 2773 791 2828 brit.
799 2792 878 2844 parva
888 2774 1013 2844 (clamor,
1025 2773 1059 2827 cl.
1069 2775 1193 2831 Grimmii

36 2859 99 2913 ilist.
112 2862 224 2932 linguae
237 2877 323 2932 germ.
337 2877 365 2930 p.
380 2861 450 2930 767).
476 2858 530 2913 Sed
549 2877 611 2912 eum
628 2859 657 2912 in
674 2859 735 2923 hoc,
750 2867 782 2912 ut
799 2860 828 2912 in
840 2857 945 2911 hibern.
958 2857 1047 2927 patrm
1062 2859 1191 2931 (compos.

35 2946 144 3013 Quina,
158 2947 197 3016 pl.
212 2963 295 3010 -mea‚
310 2963 337 3014 p.
351 2947 415 3010 2663
434 2943 602 3014 primitivum
621 2943 684 2997 brit.
696 2961 754 3013 per,
771 2961 833 3008 vox,
848 2943 970 3008 verbum,
984 2960 1011 3012 p.
1027 2946 1070 3008 99,
1085 2945 1191 3000 hibern.

34 3039 78 3084 rat
89 3049 138 3100 par
155 3032 184 3084 in
202 3030 349 3100 togortbr'd,
364 3029 512 3094 vocativus,
528 3029 587 3098 Sg„
600 3036 681 3100 atque
694 3028 722 3082 in
740 3029 841 3098 dopar'r,
855 3027 985 3097 srispaa'r,
998 3029 1121 3100 sorpoir,
1128 3033 1192 3099 for-

34 3117 309 3186 argumentemur,
324 3132 352 3184 p.
366 3119 426 3170 446.
441 3114 512 3184 441),
526 3131 554 3166 m
571 3113 679 3166 residua
698 3113 735 3166 sit
752 3131 786 3166 ex
802 3131 871 3166 ·m·n
886 3113 923 3184 (p.
938 3115 997 3166 732.
1013 3116 1062 3166 733
1074 3121 1103 3168 et
1121 3115 1192 3170 infra

34 3199 80 3252 suis
95 3201 181 3270 locis),
197 3200 264 3254 inde
279 3199 393 3254 derivari
405 3205 511 3271 poterat
524 3195 631 3250 nonnisi
642 3215 794 3267 permanan,
808 3215 947 3265 perennata.
975 3197 1127 3270 Simplicior
1140 3201 1191 3254 crit

34 3281 208 3354 interpretatio
226 3283 371 3354 bacaque
388 3283 457 3336 nibil
474 3282 666 3354 significaverit
684 3299 783 3335 nomeu
802 3281 855 3334 nisi
872 3281 1022 3337 vicinos.
1048 3283 1100 3336 Est
1120 3285 1192 3338 enim

34 3383 80 3422 non
96 3369 181 3422 solum
199 3369 303 3421 cambr.
316 3385 365 3437 per
378 3369 503 3439 (vicinus,
517 3387 544 3440 p.
559 3371 618 3421 664.
634 3369 699 3432 aaa,
714 3383 730 3419 e
746 3383 790 3420 cer
802 3383 871 3444 cum¹
881 3383 895 3420 c
906 3383 956 3436 pro
964 3385 992 3436 9,
1006 3386 1034 3439 p.
1048 3367 1129 3438 463),
1143 3369 1192 3422 sed

34 3453 102 3508 mam
120 3454 228 3508 bibern.
242 3459 297 3506 vet.
307 3453 371 3522 goar
384 3453 429 3523 (de
446 3452 534 3522 spatio
553 3459 581 3506 et
598 3452 747 3522 tempore)=
768 3451 811 3506 eid
826 3455 887 3504 etan
898 3451 942 3504 eid
950 3451 1013 3522 pari
1026 3452 1073 3524 (gl.
1088 3461 1190 3524 quanto

33 3542 140 3607 tempora
151 3539 230 3601 vivit,
245 3537 341 3602 homo,
356 3537 375 3590 i.
390 3555 413 3590 e.
428 3539 484 3591 sive
496 3537 580 3607 longo
592 3537 648 3592 sive
660 3536 746 3608 brevi)
760 3535 825 3590 Wb.
840 3540 876 3588 3⁰.
891 3537 961 3606 geel.
976 3553 1011 3590 aa
1021 3554 1074 3606 yar
1088 3537 1190 3608 (juxta,

33 3623 123 3692 prope),
135 3623 200 3693 pair
214 3622 346 3693 (vicinia).
371 3623 463 3692 Atque
480 3622 504 3675 si
522 3639 583 3674 eum
596 3622 650 3692 adj.
664 3623 725 3674 νίανι
738 3621 876 3692 (remotus,
891 3637 918 3690 p.
934 3622 977 3692 21)
992 3621 1060 3676 bene
1076 3622 1192 3691 quadrat

33 3721 119 3760 nomen
134 3707 293 3774 Cenomani,
309 3707 468 3777 Cenimagni
483 3706 640 3777 (Cenomani
659 3705 772 3760 extremi
784 3705 925 3759 Gallorum
944 3705 1040 3758 ltaliae
1058 3707 1189 3762 orientem

33 3807 127 3859 msam
141 3811 157 3846 ο
173 3792 221 3848 vel
231 3791 245 3846 i
255 3799 360 3848 servata
377 3792 412 3846 ob
424 3793 544 3848 vocalem
555 3792 759 3845 antecedentem
771 3791 952 3862 prodactam),
967 3807 1022 3844 non
1035 3791 1113 3844 aliter
1126 3809 1191 3864 qua·

33 3875 111 3932 drabit
125 3895 227 3932 nomen
245 3876 374 3932 (immani
387 3877 432 3948 (ci.
446 3878 613 3948 Lugdunum
630 3895 679 3948 pro
696 3876 897 3947 Lugoduuum,
916 3875 1103 3945 Lugidnnum,
1125 3877 1192 3934 elias

32 3961 107 4016 vocali
123 3963 158 4017 ob
176 3961 300 4016 vocalem
318 3969 467 4034 correptam
486 3961 700 4032 antecedentem)
713 3978 774 4016 cum
790 3977 847 4030 per,
860 3959 923 4029 pair
940 3959 1089 4013 contrariae
1107 3961 1190 4030 signi·

33 4043 161 4102 aerioma
185 4047 246 4100 Nec
266 4047 375 4102 difficile
394 4048 446 4104 erit
462 4047 614 4118 intelligere
632 4045 713 4098 etiam
731 4043 783 4100 boe
801 4043 882 4096 modo
894 4041 955 4096 illos
969 4041 1089 4096 Caesaris
1102 4043 1188 4098 locosr

33 4127 184 4196 Coudrusos,
199 4133 353 4197 Eburones,
368 4131 520 4198 Caeraesos‚
536 4133 693 4194 Paemanos,
709 4130 756 4204 qui
775 4145 830 4183 uuo
841 4127 951 4182 nomina
965 4126 1127 4181 Germani
1143 4145 1190 4200 ap-

32 4217 162 4286 pellantur,
178 4219 212 4272 B.
228 4217 300 4272 Gall.
315 4221 339 4282 2,
355 4223 380 4271 4.
401 4217 485 4288 Segni
497 4217 685 4287 Condrusique
697 4231 730 4268 er
743 4220 825 4285 geute
837 4219 866 4266 et
876 4227 989 4265 numero
1002 4211 1071 4264 Ger
1080 4229 1189 4266 mano-

31 4315 109 4368 rum,
124 4307 149 4369 6,
164 4307 209 4357 33.
232 4301 332 4373 Populi
347 4303 438 4373 pluras
451 4302 570 4374 quidem,
584 4303 632 4356 sed
644 4319 700 4356 uon
711 4299 857 4356 admodum
870 4295 1006 4352 numerosi
1018 4295 1053 4348 ad
1065 4297 1189 4352 Arduen-

31 4401 84 4442 nam
95 4405 151 4444 reae
162 4389 301 4444 communi
313 4387 445 4444 vocabulo
457 4387 591 4442 vocabant
603 4387 751 4442 Germanos
764 4385 782 4440 i.
793 4403 817 4438 e.
832 4382 943 4436 vicinos.
