2986 5050
166 315 203 376 V.
225 322 250 375 1.
283 332 464 379 nnnnvnrro
478 332 619 378 escures
635 332 676 376 nn
694 311 1065 398 nrnnnnrcsfnnnurnn.
1135 313 1197 374 775

55 483 206 548 innomine
221 483 363 548 Chabilci
377 484 463 566 apud
478 481 649 556 Avianium,
667 503 732 546 non
748 481 884 558 diverso,
899 493 936 544 ut
951 481 1121 557 sidetana
1136 502 1192 544 no·

55 589 123 652 mine
142 583 359 668 Καλούκωνες,
383 585 557 652 Kosilaos
578 589 664 671 apud
686 587 791 651 Strab.
809 598 841 650 et
858 587 957 663 Ptol,
975 608 1055 652 num
1076 585 1191 669 gallico

54 715 85 758 an
95 693 277 779 germanico?
1082 733 1085 740 .

118 801 207 864 ASC:
221 793 279 864 “in
294 821 376 884 pago
390 790 607 864 Violascensi''
624 797 734 862 Sidon.
753 798 846 880 epist.
867 801 896 873 2,
916 803 964 858 14.
994 797 1068 862 Alia
1083 818 1188 863 enem-

56 903 105 987 pln,
116 905 163 968 sed
173 904 341 982 interdum,
353 915 389 968 ut
401 904 535 981 videtur,
546 927 564 966 e
575 903 780 987 sequentibus
792 903 935 966 formulis
948 913 1142 966 transsumta
1154 903 1188 966 in

55 1010 227 1074 Testamenta
247 1009 402 1085 Abbonis,
424 1019 575 1074 renovato
596 1009 678 1072 circa
700 1031 729 1072 a.
749 1015 822 1084 805,
840 1031 891 1092 ap.
912 1007 1036 1072 Mabill.
1054 1008 1133 1090 dipl.
1152 1029 1184 1090 p.

55 1123 109 1176 507.
125 1121 189 1180 508.
208 1122 287 1177 509:
313 1116 480 1191 Cravasca,
506 1114 685 1190 Bicorasco,
713 1113 891 1188 Basoiasco,
909 1113 1101 1178 Aebasciaco
1116 1117 1186 1194 (uo-

53 1219 121 1284 mina
132 1221 263 1286 locorum
278 1221 360 1284 circa
374 1221 474 1304 Alpes
488 1219 689 1301 maritimas).
718 1218 860 1282 Ibidem:
876 1213 895 1239 “
901 1219 934 1282 in
951 1241 1032 1303 pago
1049 1221 1186 1284 Metaso-

47 1347 109 1388 ense
125 1327 268 1392 Comaru.
301 1326 439 1390 Doliana
457 1326 492 1390 in
515 1347 597 1410 pago
618 1324 831 1390 vendascino.
854 1325 888 1386 in
911 1324 992 1388 valle
1013 1325 1186 1388 Diubiasca

50 1428 114 1494 inm
141 1434 215 1496 lines
241 1423 561 1515 Langobardorum’'.
605 1430 704 1494 ESC:
734 1430 845 1494 ciritae
872 1429 1185 1512 carpentoractensis

50 1555 116 1598 nunc
128 1537 279 1602 l'indcsca
296 1537 419 1601 Libell.¹
428 1537 572 1620 provinc.
586 1537 682 1600 Rom.
696 1536 731 1600 in
747 1537 881 1619 Eutrop.
897 1536 947 1600 ed.
962 1535 1181 1618 llarerkamp.

47 1631 94 1702 “ad
106 1641 202 1704 villam
213 1635 427 1706 Seanescum’'
443 1643 516 1706 Act.
532 1641 592 1706 SS.
607 1641 731 1706 Mobill.
748 1663 828 1706 saec.
846 1649 875 1704 3.
893 1647 922 1717 2,
939 1645 1011 1702 423.
1038 1641 1108 1702 ISC
1124 1640 1183 1702 fre·

48 1745 166 1824 quentior
185 1748 296 1810 ceteris
319 1747 353 1810 in
375 1747 558 1810 nominibus
580 1747 720 1810 virorrnn
740 1759 772 1809 et
785 1747 993 1829 populorum:
1019 1743 1184 1810 Vertiscus

48 1849 116 1914 Caes.
130 1851 279 1930 Taurisci,
296 1851 452 1916 Scordisci
464 1855 589 1936 (gentes
600 1852 746 1935 gallicae)
760 1852 846 1914 Plin.
870 1843 1045 1932 Οὖϊβίσκοι
1058 1851 1111 1932 (es.
1127 1851 1182 1912 Vi-

46 1953 99 2016 bius
110 1957 201 2020 lnscr.
211 1957 313 2022 Orell.
326 1961 423 2040 2060)
432 1959 517 2022 Ptol.
533 1957 643 2022 Ubisci
655 1958 742 2022 Plin.
752 1957 880 2022 Vivisca
891 1979 970 2040 gens
978 1957 1101 2020 Auson.
1112 1957 1182 2018 Mo-

45 2059 96 2122 sell.
112 2067 176 2123 438.
197 2062 352 2139 Eravisci,
369 2063 513 2127 Aravisci
529 2065 691 2145 (Pannon.
708 2085 782 2148 pop.
788 2111 798 2140 ,
816 2065 856 2126 ad
871 2063 948 2125 fluv.
966 2062 1182 2144 Araboneml)

44 2163 111 2226 Plin.
126 2167 195 2228 l'ac.
224 2167 435 2232 Enniniscius
455 2170 578 2232 Auson.
603 2179 727 2252 parent.
747 2173 797 2230 21.
831 2169 873 2230 ln
893 2167 1076 2230 nominibus
1099 2167 1181 2230 loco-

42 2291 112 2332 rum:
133 2271 297 2336 l'iviscum
313 2271 386 2354 (loo.
405 2275 444 2338 ad
466 2273 526 2338 lac.
545 2274 718 2356 Lemann.)
735 2274 815 2336 Tab.
835 2275 894 2348 P.;
913 2294 986 2336 cum
1007 2272 1077 2336 aliis
1101 2271 1181 2335 deri-

42 2374 193 2440 rationibus
213 2379 477 2442 antecedentibus
497 2379 548 2442 vel
569 2379 792 2464 sequentibus:
819 2377 953 2442 Isinisca
969 2379 1043 2458 (loc.
1060 2377 1180 2442 Vinde-

41 2479 103 2562 lia),
119 2483 282 2546 Petenisca
302 2483 376 2567 (loc.
394 2485 542 2568 Helvet.)
558 2485 637 2548 Tab.
657 2487 695 2548 P.
729 2484 876 2562 Matisco,
895 2483 1072 2548 Matiscone
1088 2483 1177 2564 (hod.

41 2584 146 2668 llacon)
154 2589 242 2651 Caes.
255 2591 337 2652 Tab.
350 2591 389 2654 P.
401 2589 575 2654 Laviscone
583 2591 778 2674 (Allobrog.)
786 2591 866 2654 Tab.
877 2591 916 2654 P.
927 2585 1180 2652 “monasterium

40 2693 105 2770 quod
119 2694 347 2758 condatiscone
362 2695 493 2759 vocitari
509 2687 696 2760 voluerunt'’
713 2695 810 2780 Greg.
829 2697 907 2760 Tur.
921 2695 989 2758 Vit.
1004 2703 1086 2778 patr.
1102 2715 1129 2754 c.
1148 2699 1175 2755 1.

39 2793 200 2862 Condatisoo
215 2811 356 2863 monast.
371 2802 425 2883 (cf.
445 2802 713 2884 Condatomagus,
724 2795 819 2865 Gall.
837 2800 963 2875 merid.,
976 2811 1008 2862 et
1020 2799 1174 2876 Condate,

39 2898 106 2962 Gall.
121 2917 210 2986 sept,
228 2905 265 2968 in
281 2906 377 2987 Itin.)
398 2907 483 2970 Boll.
501 2907 594 2970 Febr.
614 2913 648 2982 3,
670 2913 741 2968 741.
763 2913 834 2968 745.
855 2900 920 2968 “ad
939 2905 1057 2967 montis
1073 2903 1177 2988 perfu-

38 3001 108 3084 gium
119 3002 303 3074 Latisooni'’
315 3011 400 3074 Bell.
414 3013 436 3074 J
437 3011 482 3074 ul.
500 3017 529 3088 7,
547 3019 598 3073 70.
622 3013 650 3074 E
665 3010 783 3074 chartis
798 3009 895 3074 medii
907 3009 991 3072 aevi:
1008 3009 1177 3072 Terniseus

38 3109 140 3192 (spise.)
155 3135 183 3176 a.
200 3121 275 3192 678,
295 3115 465 3180 Teuriscus
481 3117 611 3199 (judex)
627 3139 657 3180 a.
674 3123 733 3178 853
751 3137 803 3200 ap.
822 3117 947 3180 Mabill.
962 3137 994 3200 p.
1011 3121 1084 3177 469.
1101 3120 1173 3175 531.

37 3211 150 3294 Gelisco,
167 3221 336 3284 Attanisco
352 3225 451 3304 (nom.
469 3223 582 3306 locor.)
598 3223 633 3286 in
655 3245 762 3286 renov.
781 3233 853 3286 test.
872 3219 1015 3286 Abbonis
1035 3239 1086 3304 ap.
1105 3219 1175 3280 Ma-

36 3317 86 3382 bill.
101 3345 129 3405 p.
147 3331 218 3388 509.
252 3327 442 3394 Matriscum
464 3351 493 3392 a.
513 3335 586 3404 884,
605 3327 773 3392 Senianum
795 3351 823 3391 a.
844 3335 904 3390 900
925 3349 976 3411 ap.
996 3324 1121 3388 Mabill.
1139 3345 1172 3408 p.

36 3429 92 3487 551.
108 3435 174 3492 572.
207 3431 293 3496 OSC
319 3431 449 3498 fortasse
475 3455 492 3498 e
519 3445 670 3517 sequente
691 3435 827 3497 formula
847 3433 882 3496 in
904 3441 1077 3494 memorato
1101 3441 1172 3493 test.
1203 3425 1210 3444 ‘

35 3527 166 3596 lomna:
186 3529 247 3598 “in
270 3538 444 3602 Nanosces.
470 3541 509 3604 de
532 3543 710 3602 Bonnosco.
731 3561 826 3624 super
848 3535 1014 3600 Brioosois.
1032 3535 1175 3600 colonica

35 3634 189 3702 ubidicitur
200 3642 397 3707 Albaricscc.
413 3645 452 3710 de
465 3647 673 3710 Lavernosco.
689 3644 857 3708 Graviosco
869 3647 979 3727 (supra
990 3643 1170 3722 Cravnsca).

34 3739 201 3809 Cattorosco.
219 3747 407 3813 ubidicitur
418 3752 594 3816 Riaciosco.
612 3752 652 3814 ad
665 3749 862 3813 Lavariosco.
880 3749 915 3812 in
930 3769 1012 3832 pago
1025 3749 1172 3830 Seguste-

32 3843 81 3908 ricc
98 3845 313 3930 Lavamosco''‚
331 3875 382 3939 ep.
408 3857 532 3920 Mabill.
554 3878 587 3939 p.
607 3863 680 3918 508,
701 3862 774 3918 509.
794 3861 866 3916 510.
901 3855 1001 3918 USC:
1027 3852 1171 3935 Rugusci

31 3951 100 4035 (pop.
113 3954 225 4038 alpin.)
243 3958 329 4021 Plin.
346 3963 430 4025 Ptol.
446 3963 626 4026 Caranusca
639 3961 713 4042 (loc.
728 3960 828 4036 Gall,
844 3982 941 4044 prope
953 3958 1172 4038 Mediomatr.)

30 4053 91 4120 Tab.
108 4061 143 4124 P.
156 4055 215 4126 “iu
230 4065 313 4128 valle
328 4059 495 4132 Venusca³³
511 4067 622 4130 Ratun
642 4073 673 4144 2,
691 4089 723 4150 p.
745 4073 838 4128 1458.

493 4301 528 4310 a„
559 4302 692 4310 —-.—-—-
