3004 5066
302 369 383 432 1066
483 389 667 436 areanum.
701 393 867 437 seaoruau
883 393 1009 437 comors
1025 393 1205 438 manenter
1220 394 1277 438 ara.

299 537 332 600 in
348 538 504 604 thesauris
520 543 632 632 domus
649 542 771 606 domini
786 553 819 606 et
833 542 867 606 iu
883 545 977 607 domo
991 543 1085 626 regis,
1102 555 1136 608 et
1150 543 1237 607 misit
1250 543 1371 607 Aaaheli
1382 543 1434 626 regi

299 644 421 727 Syriae.
455 647 544 709 Huic
565 647 663 730 igitur
683 649 738 732 qui
762 651 916 733 templum
940 649 992 712 dei
1011 647 1179 732 spoliavit¹
1203 661 1235 713 et
1256 649 1436 714 omniaiutus

297 751 402 834 posita
424 753 508 815 dona
531 753 691 818 conrasit²
717 779 753 820 ac
775 757 863 821 misit
884 777 921 818 ea
944 755 1011 818 viro
1033 755 1231 838 alienigenae
1252 755 1344 839 impio
1363 769 1436 838 atque

298 853 479 940 sacrileg0‚³
502 881 597 940 quem
613 861 768 945 propheta
783 860 910 926 David*
933 861 1139 925 beatitudinis
1155 859 1299 945 apicem³
1312 861 1437 922 eontulis-

299 960 366 1024 set'?
389 959 499 1026 Talis⁸
519 987 593 1048 ergo
615 966 764 1031 historiae
788 968 953 1052 usurpatio
975 965 1225 1032 inconveniens⁷
1248 961 1439 1050 adprobatur,8

298 1077 330 1129 et
345 1070 431 1150 quod
446 1071 605 1153 praesenti
620 1073 742 1156 psalmo
757 1097 823 1138 non
838 1073 939 1159 possit
954 1074 1067 1158 aptari,
1082 1075 1116 1135 in
1133 1095 1195 1156 quo
1206 1075 1316 1136 beatus
1328 1068 1438 1134 Daridi'

298 1174 525 1256 pronuntiatur
536 1177 584 1240 vir
596 1178 722 1242 virtutis
735 1181 773 1242 de
785 1203 847 1264 quo
860 1203 961 1244 sermo
971 1191 1030 1257 est,
1042 1191 1138 1264 atque
1149 1179 1266 1256 omnis,
1277 1179 1439 1263 perfectione

298 1279 500 1364 conspicuus.
525 1286 566 1348 In
579 1287 642 1348 fine
654 1287 739 1350 enim
751 1285 865 1370 psalmi
877 1285 1009 1350 dicitur:
1028 1287 1105 1349 Ideo
1117 1308 1183 1349 non
1195 1297 1360 1369 resurgtmt
1370 1282 1439 1368 impii

299 1385 334 1448 in
349 1385 472 1470 judicio
493 1413 597 1474 neque
618 1404 810 1476 peecatorem
828 1414 929 1476 usque
944 1392 1070 1478 peribit.
1103 1393 1176 1456 Hoc
1192 1392 1314 1454 dictum
1327 1391 1372 1453 his
1384 1413 1439 1452 con·

299 1493 398 1571 venit,
417 1495 472 1579 qui
492 1509 628 1581 possunt
643 1509 675 1562 et
690 1521 813 1562 morum
830 1498 1023 1582 perfectione
1039 1508 1071 1561 et
1086 1519 1143 1582 pro
1157 1499 1244 1562 bono
1260 1495 1438 1561 conversatio

299 1599 349 1662 nis
372 1623 447 1664 suae
469 1605 554 1686 apud
576 1605 671 1668 deum
695 1603 920 1668 confidentiam
942 1603 1058 1667 habero
1074 1626 1139 1667 uon
1155 1599 1360 1670 minimam.¹⁰
1383 1603 1439 1663 Joas

298 1728 372 1768 vero
394 1729 450 1770 rex
470 1732 536 1772 non
557 1711 628 1774 talis
650 1711 828 1775 ostenditur
849 1711 999 1774 historiae
1019 1711 1166 1786 lectione,
1185 1721 1225 1773 ut
1241 1705 1439 1792 dignusbmti·

300 1811 444 1876 tudine¹¹
468 1819 700 1899 comprobetur.
735 1819 794 1880 Est
816 1812 925 1902 ergo¹²
946 1817 1074 1880 moralis
1095 1817 1253 1900 psalmus,
1272 1817 1352 1900 quod
1369 1811 1439 1875 eriis

299 1941 379 2000 quae
401 1933 579 2003 sequuntur
602 1924 744 2008 adparet,
762 1923 795 1986 in
819 1923 934 2006 quibus
950 1925 1036 1986 etde
1052 1923 1208 1986 virtutum
1225 1921 1364 2007 adpetitu
1377 1918 1439 1982 etde

298 2046 440 2088 errorum
462 2027 656 2091 abstinentia
679 2029 871 2114 disputatur,
890 2029 975 2112 quod
998 2029 1033 2090 in
1047 2029 1068 2090 J
1070 2051 1123 2092 oas
1142 2029 1272 2112 proprie
1287 2050 1348 2090 non
1362 2035 1440 2108 potest

298 2133 476 2196 convenire.
512 2135 669 2197 Paruulus
692 2135 779 2198 enim
801 2159 856 2220 per
876 2135 956 2198 illud
978 2147 1113 2218 tempus,
1132 2133 1166 2198 in
1182 2157 1250 2218 quo
1264 2134 1371 2218 Jojada
1383 2152 1440 2214 pon·

300 2237 383 2300 tifice
405 2239 547 2303 nutritus
570 2253 628 2318 est,
648 2265 750 2326 neque
767 2241 903 2305 aversari
918 2241 1002 2304 mala
1013 2239 1136 2324 judicio
1151 2261 1210 2304 suo
1227 2233 1385 2325 poterat‚¹⁸
1401 2257 1439 2298 ne

299 2367 360 2428 que
376 2345 409 2407 in
425 2347 631 2411 meditatione
647 2349 725 2431 legis
742 2371 850 2412 euram
866 2349 1010 2411 sedulam
1025 2343 1240 2422 admovere,¹⁴
1256 2347 1312 2430 qui
1326 2347 1361 2408 ad
1370 2363 1441 2408 omne

299 2451 441 2516 studium
456 2475 513 2536 pro
528 2453 700 2516 nutrientis
716 2457 890 2518 ducebatur
905 2453 1045 2516 arbitrio.
1072 2452 1256 2537 Septimum
1269 2453 1370 2536 itaque
1380 2462 1441 2512 aeta·

300 2559 340 2622 tis
362 2559 470 2642 agouti
492 2583 613 2623 annum
636 2584 717 2626 onus
741 2559 867 2642 insigne
889 2559 993 2644 regiae
1015 2559 1182 2643 dignitatis
1205 2559 1385 2642 impositum
1397 2565 1439 2616 est.

298 2667 373 2729 Duo
389 2666 496 2749 itaque
512 2677 599 2743 sunt,
615 2689 695 2750 quae
711 2667 833 2730 faciunt
848 2665 1011 2730 hominem
1021 2664 1046 2698 ¹³
1061 2667 1102 2729 ad
1116 2665 1349 2728 beatitudiuem
1360 2681 1441 2746 perra

298 2773 385 2850 nire3
405 2771 562 2856 dogmatis
584 2785 669 2837 recta
685 2771 869 2848 sententia,¹
894 2772 926 2834 id
947 2783 1005 2850 est,
1024 2783 1061 2835 ut
1082 2771 1135 2856 pie
1157 2772 1196 2834 de
1219 2773 1281 2834 deo
1304 2785 1334 2834 et
1347 2771 1441 2848 integre

299 2880 466 2957 sentiatur,
485 2891 517 2942 et
538 2903 663 2944 morum
685 2881 853 2943 emendata
868 2874 1034 2943 formatio²
1056 2889 1115 2953 est,
1133 2877 1324 2962 priusquam
1338 2877 1442 2940 honeste

298 3009 437 3070 saneque
463 2986 599 3050 vivatur.
643 2989 804 3072 Neutrum
830 2987 870 3049 ad
890 2983 1116 3070 perfectionem
1140 2979 1248 3046 valet³
1271 2983 1337 3047 sine
1355 2981 1440 3052 altero,

298 3093 435 3156 alterum
453 3117 525 3157 vero
542 3093 640 3156 altero
657 3104 713 3156 aut
729 3093 896 3178 suppletur
912 3103 968 3155 aut
983 3087 1181 3156 comitatur.⁴
1214 3091 1280 3154 Sed
1296 3092 1368 3153 fides
1381 3088 1442 3150 inter

299 3197 395 3264 haec³
411 3199 550 3284 primum
566 3199 688 3264 obtinet
703 3199 820 3276 locum,
836 3197 930 3262 sicuti
945 3197 981 3260 iu
996 3218 1125 3282 corporo
1139 3195 1356 3260 honorabilius
1369 3202 1442 3276 eaput

369 3472 437 3543 (ΜΒ)
477 3471 748 3543 ldochofmmarraip
801 3469 1204 3526 2.1.roeoaa'rd.1.rolommar
1257 3461 1444 3534 3³.an

299 3560 342 3612 dd.
364 3557 554 3612 irararecabletuid
576 3559 640 3612 iutra
651 3558 790 3628 st'rdbm'de
808 3558 935 3628 adsiadar
952 3557 1114 3610 biarbalmeo
1136 3555 1328 3610 dottaisa'ltiud
1342 3547 1442 3622 dandffl

298 3645 414 3696 adrodar
427 3643 482 3696 tata
518 3649 532 3697 l
554 3663 582 3698 .1.
597 3644 807 3698 medonfestimia
843 3643 1067 3696 ba'nnuat'eletaid

368 3733 383 3780 (l
398 3748 426 3782 .1.
442 3729 600 3783 fartastr'mr'n
645 3717 1440 3798 'l.1.is:::t'mmaa'rcidcanadfiodartitt'nfaalmsosnbemf
1487 3759 1488 3770 ι

298 3814 398 3867 iotbdae
441 3815 657 3869 8.1.dcrbthair
691 3819 756 3868 aa.
771 3815 881 3867 todoat
919 3817 949 3867 to
969 3831 997 3866 .1.
1011 3813 1162 3866 irraoeamm'
1172 3813 1349 3882 mdfaqrmm
1383 3809 1403 3858 ll
1420 3819 1440 3854 Α·
1487 3849 1488 3870 ;

298 3901 421 3973 adfiudar
433 3900 577 3954 fmintsalm

370 3991 399 4040 12
420 4005 449 4040 .1.
463 3987 541 4040 t'aat'rd
551 3987 661 4040 dorchad
671 3988 783 4042 arthure
797 3985 922 4040 iuealmeo
933 4001 959 4054 q.
973 3982 1133 4038 abactam
1143 3982 1213 4052 insc't
1270 3987 1300 4037 13
1320 3999 1346 4035 .ι.
1358 3971 1441 4032 dmi·

290 4071 483 4141 suareirseet'n
497 4073 593 4126 bochem
606 4072 759 4127 hintaimre:
798 4074 828 4125 ll
844 4089 872 4125 .1.
886 4068 1188 4138 afrdonimmartqrer'm
1199 4068 1273 4123 buffo
1310 4071 1339 4119 ta
1352 4059 1441 4117 .1.&-

289 4158 413 4225 joirbthe
426 4161 440 4210 'l
453 4158 588 4228 aequamus·

368 4243 433 4314 (uc)
473 4248 482 4295 ι
507 4261 535 4296 .1.
549 4243 703 4296 erat-atae
749 4241 838 4295 aaa
848 4240 1053 4310 momorum
1065 4257 1169 4309 marga
1184 4227 1440 4294 amanam-n)

297 4331 312 4378 3
340 4347 368 4382 .1.
388 4333 419 4381 nl
439 4329 660 4400 souarmofycdar
685 4327 793 4382 uechlar
818 4327 849 4380 dc
866 4326 983 4380 munibat
1000 4325 1087 4378 andit's
1103 4325 1136 4378 do
1155 4323 1289 4393 imsofunq
1299 4309 1442 4392 soa'rbtffl

298 4415 550 4484 tuoetmtatanpar

366 4503 381 4551 5
402 4517 429 4553 .1.
451 4499 637 4555 aochielonaib
656 4499 700 4553 dib
718 4501 766 4552 eda
780 4517 808 4552 .1.
823 4495 1022 4566 hiresschdtbe
1034 4500 1047 4548 7
1059 4495 1166 4566 patarei
1174 4495 1319 4551 adramiae
1330 4511 1357 4545 .ι.
1370 4485 1439 4542 till·
