2994 5052
279 377 336 440 IV.
357 381 387 438 3.
420 396 687 440 contorto-nouas
703 397 941 441 narranuroaa.
1132 375 1194 439 685

119 543 334 621 Particularia,
349 568 370 608 a
381 545 554 623 interdum,
570 557 607 610 ut
618 557 667 624 est
678 547 819 610 diversae
831 545 1084 628 significationis,
1098 547 1194 609 etiam

47 649 169 712 diversae
189 650 321 733 originis
342 651 468 714 videtur
482 653 522 713 ab
537 663 612 714 ante
626 652 721 728 dicta,
741 673 770 714 e.
787 673 835 735 gr.
853 653 888 715 in
904 653 991 714 Mab.
1012 657 1041 728 2,
1063 659 1112 715 10.
1134 661 1168 714 11
1183 675 1190 716 :

47 777 90 816 om
102 764 153 818 aot
166 764 229 840 royt
241 758 431 840 ynenryded
443 759 508 840 dyo
521 779 541 820 a
552 758 639 820 wado
651 757 782 822 wrtltaw
793 758 947 842 ymda'daa
960 757 1196 842 amlarplwydi

48 859 197 942 (quianon
211 883 244 923 es
261 861 356 924 homo
371 863 534 938 honestus,
550 874 588 926 ut
599 863 708 926 deceat
719 863 857 946 colloqui
869 886 943 926 cum
954 864 1083 926 domino
1094 868 1191 946 meo),

46 975 93 1048 ayt
110 977 168 1050 wyt
186 989 226 1030 an
247 969 391 1051 enryded
412 968 449 1030 di
461 991 534 1052 acy
550 968 688 1053 dylpyclt
702 970 857 1053 ymdt'daa
874 991 925 1032 am
941 969 1101 1053 arqlwydt'
1114 973 1193 1052 (non

46 1091 73 1132 es
85 1071 237 1148 honestus
253 1085 292 1134 ut
306 1075 419 1136 debeas
434 1073 572 1156 colloqui
587 1095 661 1138 cum
676 1074 804 1137 domino
816 1077 912 1156 meo).
939 1075 1082 1138 Conferri
1095 1076 1194 1158 possit
1300 1067 1305 1078 ’

46 1176 106 1238 huic
125 1177 258 1240 formula
282 1175 431 1260 loquendi
446 1191 730 1262 supramemorata
746 1183 792 1262 (p.
813 1185 888 1262 307)
897 1227 907 1256 ,
925 1180 959 1242 in
974 1201 1037 1262 qua
1051 1191 1125 1263 post
1139 1183 1193 1244 ad·

42 1280 174 1362 jectivum
195 1304 273 1344 cum
292 1286 498 1365 praecedente
519 1285 584 1370 lupa
606 1281 749 1368 seq'uitur
768 1309 800 1361 a,
818 1306 866 1360 ac,
885 1285 1075 1368 praepositio
1095 1287 1193 1369 signi·

45 1387 126 1450 flans
153 1409 239 1464 cum,
271 1387 403 1452 sortasse
431 1389 529 1453 etiam
554 1390 674 1454 latinus
700 1390 827 1454 dicendi
851 1392 983 1454 modus:
1016 1412 1113 1473 aeque
1139 1391 1191 1453 bo·

45 1500 132 1554 aestus
146 1514 192 1555 ac.

113 1599 151 1660 ln
171 1599 242 1662 aliis
266 1600 419 1683 exemplis
440 1600 596 1682 particula
617 1623 649 1677 a,
668 1623 706 1663 ac
727 1600 924 1664 adversativa
945 1613 1003 1678 est,
1022 1601 1068 1664 ita
1089 1611 1126 1664 ut
1147 1601 1192 1664 vi·

43 1701 137 1766 deatm
156 1705 301 1788 ejusdem
324 1705 456 1788 originis
478 1728 551 1769 cum
571 1707 695 1770 hibern.
714 1715 766 1768 act
781 1709 875 1788 (scd).
909 1708 1015 1774 Quam
1036 1707 1193 1770 diversam

43 1807 177 1890 originem
193 1811 318 1873 indicat
334 1811 476 1887 fortasse,
495 1813 580 1894 quod
596 1812 758 1874 interdum
772 1822 881 1874 manet
896 1833 933 1874 ac
948 1823 1022 1875 ante
1038 1833 1192 1878 consonas

42 1914 190 1979 destitutas
202 1916 238 1978 in
247 1917 337 1978 Mab.
349 1938 356 1978 :
372 1915 409 1978 ai
418 1916 642 2000 aymdidanem
655 1937 675 1978 a
686 1915 734 1979 tlrt'
745 1939 806 2000 oay
818 1917 868 1980 dei
878 1917 984 1981 ksteir
995 1939 1034 1980 ar
1046 1919 1088 2002 dy
1097 1926 1190 2002 owyt.

41 2039 72 2080 ac
83 2019 207 2084 aethon
222 2021 263 2084 πί
276 2022 502 2105 apmdidaawn
518 2045 538 2085 a
551 2021 599 2084 tta·
609 2023 681 2102 (nos
694 2023 944 2105 colloqueremur
957 2033 1073 2099 tecum,
1089 2022 1193 2085 sinon

40 2136 109 2187 esset
122 2126 387 2208 impedimentum
402 2127 461 2188 tibi
476 2126 599 2202 edenti3
617 2149 704 2191 nunc
720 2140 826 2191 autem
842 2129 1058 2211 colloquemur
1074 2131 1192 2209 tecum)

43 2235 108 2304 1,5.
131 2240 187 2315 nyt
209 2253 227 2292 o
246 2232 424 2316 yyaoethea
445 2254 488 2316 yn
511 2233 626 2317 owyaf
638 2237 685 2316 yd
703 2233 880 2318 ymborthei
893 2235 1022 2318 esrawc.
1041 2255 1192 2318 aamyno

41 2337 242 2400 ramaneat.
266 2385 272 2398 .
294 2359 358 2399 .ao
371 2339 430 2400 acal
441 2361 462 2423 y
478 2359 548 2400 mae
562 2339 698 2422 myayotl
717 2387 723 2400 .
742 2387 749 2401 .
771 2388 777 2401 .
796 2339 837 2422 ef
845 2339 915 2400 alas
931 2339 1011 2418 (non
1025 2341 1065 2401 de
1079 2341 1191 2422 guber·

39 2441 130 2503 nando
141 2442 281 2504 maxime
292 2442 415 2504 curavit
428 2443 480 2518 E,
494 2442 558 2506 nisi
569 2445 608 2505 de
621 2444 858 2520 torneamentis,
871 2445 926 2506 sed
938 2454 975 2505 ut
986 2445 1023 2506 fit
1035 2465 1138 2526 saepe,
1156 2491 1163 2504 .
1182 2491 1188 2506 .

40 2545 144 2624 occisus
158 2551 220 2628 est)
240 2555 271 2623 1,
289 2553 362 2609 235.
381 2547 522 2632 lpfarclt
534 2549 631 2632 pwell
643 2549 842 2614 awneutltum
858 2549 952 2613 a'daw.
971 2569 1010 2611 ac
1024 2569 1081 2610 rao
1097 2548 1193 2611 dohet

38 2652 155 2734 ytcylod
167 2654 213 2736 es.
232 2653 315 2737 kynt
333 2676 355 2738 y
370 2653 589 2738 lyuarchawd
602 2657 643 2737 ef
650 2655 724 2718 well
735 2655 812 2738 yma.
830 2677 870 2718 ao
885 2655 966 2718 mini
980 2655 1064 2718 idaw
1081 2655 1121 2738 ef
1130 2657 1191 2735 (sa-

39 2755 125 2818 lutare
145 2757 257 2840 paravi
280 2779 365 2833 eum,
383 2761 439 2821 scd
460 2769 588 2842 propter
608 2759 821 2823 urbanitatem
841 2761 930 2843 prius
952 2757 1103 2822 salutavit
1123 2759 1191 2842 ipse

38 2880 88 2936 ne,
101 2884 193 2944 quam
208 2885 269 2946 ego
285 2869 372 2946 eum)
389 2872 457 2940 1,4.
476 2887 514 2927 uc
526 2865 567 2948 ef
574 2865 796 2948 aqadarnlraat'
810 2865 1047 2948 ypwennwyaea'
1061 2865 1192 2949 ydwfpr

37 2961 144 3029 lwnnw
159 2970 301 3052 pcnedyl
312 2969 529 3055 ycorannyeit.
547 2992 585 3031 ac
599 2992 642 3032 aa
658 2970 754 3033 tadei.
773 2993 810 3032 ac
824 2967 882 3033 bot
895 2969 1057 3053 eida‘panei
1069 2969 1126 3032 neb
1142 2991 1191 3031 oe·

36 3073 156 3156 pencdyl
174 3072 260 3136 elsua
276 3077 323 3156 (et
345 3075 543 3138 asseverabat
557 3073 636 3156 ipse,
654 3077 739 3157 quod
754 3085 925 3138 venenaret
939 3096 1022 3157 aqua
1037 3095 1074 3137 ea
1088 3095 1190 3156 genus

37 3193 261 3257 pygmaeorum,
280 3179 336 3241 sed
358 3181 443 3262 quod
464 3200 529 3241 non
551 3180 696 3262 perderet
717 3191 749 3242 et
763 3201 829 3242 non
843 3181 983 3243 laederet
997 3181 1136 3262 aliquem
1150 3201 1189 3242 ex

37 3279 93 3359 ejus
113 3283 214 3366 ipsius
228 3287 359 3367 genere)
378 3291 406 3361 3,
426 3291 499 3346 301.
531 3284 751 3347 Veruntamen
766 3295 815 3346 est
832 3285 928 3348 etiam
944 3285 1106 3369 aspiratio,
1124 3307 1190 3348 non

36 3383 185 3452 destitutio
219 3373 385 3466 tenuium,
421 3389 645 3472 interdumque
674 3399 706 3450 et
738 3389 829 3452 aliter
859 3413 948 3453 versa
981 3391 1186 3473 significatio:

38 3490 110 3553 draco
123 3516 171 3576 yur
187 3496 231 3578 dp
247 3517 365 3579 anyon.
384 3493 525 3578 acleanys
544 3540 551 3554 .
573 3541 579 3556 .
602 3541 609 3555 .
628 3493 745 3575 (malus
761 3506 809 3558 est
824 3517 925 3558 sermo
940 3507 1026 3572 tuus,
1046 3497 1100 3558 sed
1116 3496 1190 3578 quia

36 3599 101 3677 aa.)
116 3598 203 3661 Mab.
226 3607 254 3675 l,
276 3605 326 3661 19.
353 3599 379 3662 a·
398 3599 506 3684 apeffy
528 3601 625 3662 aawd
643 3599 700 3662 heb
721 3622 742 3682 y
761 3601 951 3682 peroratae
971 3625 1012 3686 ny
1035 3603 1074 3663 bu
1090 3603 1132 3664 da
1147 3604 1189 3686 dy

35 3701 131 3782 tylot.
149 3727 188 3766 ae
209 3727 252 3789 ny
276 3705 366 3768 duest
382 3705 546 3790 pyuartal.
561 3725 627 3788 pan
648 3705 690 3788 dy
713 3713 767 3768 aot
787 3727 830 3788 yn
850 3705 1063 3790 pedymdeith.
1081 3729 1120 3768 oc
1134 3715 1192 3770 nat

34 3801 111 3886 elyclt
129 3809 304 3894 ymberbyn
325 3831 366 3894 yr
386 3809 531 3874 eilweitlt.
550 3831 588 3872 aa
608 3831 625 3870 o
648 3807 770 3894 cltlywy
792 3818 868 3872 aaut
889 3813 996 3894 arnas
1010 3833 1030 3894 y
1046 3811 1191 3875 achabeit

36 3906 138 3974 olona!
148 3916 199 3994 (tu
214 3913 345 3977 habebis
360 3915 506 3997 gratiam,
520 3914 628 3996 inquit
638 3915 695 3989 G„
710 3913 854 3996 quamvis
869 3935 935 3976 non
948 3915 1009 3977 fuit
1022 3917 1104 3979 bona
1115 3938 1188 3979 con-

35 4016 155 4079 versatio
168 4029 222 4082 tua
233 4029 266 4081 et
276 4041 343 4081 non
355 4020 445 4084 fuisti
457 4019 566 4096 comis,
578 4019 605 4082 si
614 4019 677 4081 'eris
690 4019 723 4081 in
736 4019 889 4081 comitatu
897 4031 929 4081 et
937 4041 1002 4081 non
1010 4021 1070 4083 ibis
1079 4033 1189 4084 contra

34 4135 77 4180 me
92 4121 152 4185 alia
166 4123 244 4201 vioe,
264 4125 331 4201 sed,
349 4125 376 4187 si
391 4125 528 4188 audieris
543 4125 722 4208 periculum
737 4126 776 4186 de
791 4145 853 4200 me,
872 4125 1044 4207 adjuvabor
1059 4149 1078 4188 a
1093 4129 1138 4207 te)
1155 4133 1185 4202 2,

36 4229 79 4284 51.
96 4233 145 4289 52.
172 4231 217 4292 mi
237 4232 366 4314 arodus
373 4253 394 4315 y
410 4231 614 4293 carcharawr
629 4230 682 4293 itti
695 4253 734 4293 ac
747 4252 789 4315 ay
805 4231 1032 4313 darparysawa
1046 4253 1067 4314 y
1082 4231 1189 4315 rodiy

35 4329 84 4390 ael
98 4333 168 4415 (ego
189 4336 272 4398 dabo
293 4335 455 4420 captivum
473 4335 542 4410 tibi,
561 4335 704 4416 quamvis
720 4356 786 4397 non
801 4335 1011 4416 cogitaveram
1026 4357 1100 4398 eum
1115 4337 1190 4398 dare

35 4430 132 4516 moui)
149 4442 180 4512 a,
197 4445 271 4502 aar.
