3004 5066
111 415 287 460 areanum.
322 415 489 460 senoruun
508 415 634 460 conmrs
653 417 830 459 uraaurucr
848 416 1015 459 versemur
1033 417 1081 460 so.
1133 396 1212 458 11129

54 565 150 628 munia
171 577 247 628 sunt
269 561 487 629 multorum¹⁶
521 565 686 650 Adjcctiva
707 578 815 630 autern
838 566 909 630 ideo
932 577 1097 644 vocantur,
1123 568 1207 650 quod

51 671 111 732 aliis
129 669 368 755 appellativis,¹⁷
391 693 471 755 quac
492 671 704 736 substantiam
725 673 918 756 significant,
943 674 993 736 vel
1016 673 1111 736 etiarn
1134 695 1216 756 pro-¹

51 777 116 859 priis
130 777 219 860 adjici
235 778 339 840 solent
351 777 390 838 ad
402 779 670 842 manifestandam
682 800 791 841 eorum
804 779 992 862 qualitatem
1002 775 1028 814 ¹⁸
1042 779 1093 842 vel
1105 801 1204 862 quan·

51 883 168 959 titatem,
187 905 268 966 quae
290 883 399 966 augeri
420 883 470 946 vel
493 885 597 947 minui
617 885 686 948 sina
702 883 932 949 substantiae¹l
948 881 1204 950 consumtione²⁰

49 999 177 1071 possunt,
197 1001 233 1052 ut
255 992 376 1053 bonum
396 989 526 1067 animal,
544 1013 680 1074 magnus
697 991 803 1068 homo,
823 991 949 1076 sapiens
963 993 1202 1076 grammaticus,

48 1115 166 1177 magnus
183 1097 356 1158 Homerus.
391 1095 559 1178 Proprium
580 1117 654 1160 vero
669 1097 857 1160 naturaliter
872 1091 1125 1182 uniuscujusque
1139 1099 1202 1183 pri-

49 1211 138 1263 vatam
145 1197 169 1235 ²¹
186 1201 399 1264 substantiam
414 1201 664 1286 qualitatemque
679 1203 887 1286 significaret
902 1203 936 1264 in
949 1204 1043 1266 rebus
1060 1215 1108 1268 est
1119 1205 1201 1268 indi·

47 1301 178 1382 viduis,²²
199 1301 315 1389 quas²⁸
335 1306 518 1391 philosophi
540 1319 661 1372 atomos
670 1306 699 1344 ²⁴
722 1321 846 1385 vocant,
865 1319 903 1371 ut
918 1309 1022 1386 Plato,
1042 1309 1198 1374 Socrates.

47 1411 143 1494 ltaque
157 1424 244 1475 caret
259 1409 516 1476 communione²⁶
532 1415 682 1478 naturali.
708 1415 791 1479 Cum
807 1414 907 1498 igitur
922 1415 1038 1491 evenit,
1055 1425 1092 1478 ut
1106 1417 1201 1480 multi

44 1518 139 1580 codem
159 1519 291 1581 nomine
312 1519 440 1601 proprio
462 1531 700 1603 nuncupentur,
719 1519 872 1584 fortuitu¹
896 1531 928 1584 et
948 1521 1015 1584 sola
1029 1543 1116 1597 voce,
1134 1543 1199 1584 non

43 1623 125 1686 etiam
145 1624 314 1687 intellectu
338 1623 517 1688 communis
532 1625 667 1708 alicujus
684 1627 881 1690 substantiae
896 1627 945 1689 vel
961 1627 1124 1710 qualitatis
1140 1627 1200 1691 hoc

42 1729 100 1790 lieri
120 1730 209 1793 solet.
246 1731 288 1793 Et
308 1731 343 1793 in
366 1731 491 1814 proprio
513 1731 642 1814 quidem
659 1733 754 1795 etiam
770 1731 961 1816 appellativa
976 1732 1114 1817 intelligi
1128 1755 1198 1818 pos-

42 1831 131 1910 sunt,²
150 1847 187 1898 ut
202 1835 230 1898 si
247 1837 351 1901 dicam
366 1837 533 1922 Virgilius,
551 1838 696 1921 intelligo
712 1847 744 1899 et
759 1837 922 1900 hominem
937 1851 969 1902 et
983 1835 1150 1922 postam?
1165 1841 1199 1904 in

41 1942 228 2024 appellativis
251 1954 358 2006 autem
379 1945 505 2028 propria
527 1966 593 2007 non
614 1943 850 2027 intelliguntur,
876 1955 913 2008 ut
934 1945 1040 2023 homo,
1058 1947 1116 2023 vir,
1135 1947 1198 2010 nisi

39 2065 86 2128 per
105 2047 347 2112 excellentiam⁴
368 2049 456 2113 Ῑοοοὅ
476 2051 595 2136 proprii
617 2051 651 2113 in
674 2050 865 2134 quibusdam
881 2051 1023 2134 personis
1040 2053 1197 2138 accipian-

41 2163 91 2228 tur,
113 2163 150 2216 ut
169 2160 266 2238 poeta
288 2152 367 2240 pro⁰
388 2157 534 2240 Virgilio,
553 2169 585 2220 et
607 2158 680 2220 urbs
701 2179 759 2241 pro
773 2158 888 2220 Roma.
921 2159 1197 2242 Appellativorum

39 2259 145 2323 multae
174 2272 254 2325 sunt
283 2263 421 2346 specics,
447 2285 583 2346 quarum
605 2265 759 2346 quaedam
782 2285 966 2327 communes
987 2264 1198 2328 inveniuntur

37 2386 99 2428 cum
118 2368 266 2451 propriis,
286 2369 352 2432 sive
373 2369 439 2432 sint
462 2369 582 2453 primae
605 2368 772 2452 positionis
796 2369 861 2432 sive
877 2369 1078 2433 derivativae.
1113 2371 1198 2434 Sunt

37 2473 110 2535 euim
129 2473 288 2557 quaedam
310 2475 485 2559 corporalia
506 2473 540 2536 in
561 2474 779 2559 appellativis,
805 2485 841 2537 ut
863 2475 976 2552 hom03
1001 2486 1078 2539 sunt
1100 2477 1197 2540 etiam

36 2575 63 2638 iu
83 2580 229 2663 propriis,
254 2591 291 2642 ut
312 2579 491 2643 Terentius.
525 2579 620 2642 Alia⁷
641 2580 849 2664 incorporalia
870 2581 904 2642 in
925 2581 1136 2665 appellativis,
1160 2595 1197 2645 ut

35 2682 165 2760 virtus;⁸
186 2685 222 2747 in
251 2685 403 2769 propriis,
428 2699 465 2749 ut
484 2687 597 2750 Virtus
627 2682 721 2762 dea,³
742 2697 774 2749 et
795 2686 950 2770 pudicitia
973 2684 1196 2770 Penelopae.¹⁰

35 2789 263 2875 Homonyma¹¹
288 2814 414 2875 quoque
437 2805 501 2855 tam
524 2793 557 2854 in
580 2792 714 2876 propriis
731 2813 826 2875 quarn
843 2791 877 2854 in
893 2792 1093 2877 appellativis
1108 2793 1195 2856 iuve-

33 2895 165 2974 niuntur,
185 2909 225 2961 ut
248 2898 390 2982 Pyrrhus
411 2898 498 2961 filius
520 2899 666 2975 Achillis,
686 2907 718 2960 et
733 2897 876 2980 Pyrrhus
899 2919 955 2960 rex
971 2898 1190 2981 Epirotarum

33 3000 161 3084 nepos,¹²
173 3003 263 3068 filius
275 3004 345 3082 filii,
360 3019 393 3068 et
404 3025 514 3088 nepos,
528 3004 722 3067 luxuriosus.
749 3004 967 3067 Inveniuntur
981 3015 1085 3067 tamen
1099 3027 1193 3087 quae·

31 3107 94 3171 dam
108 3110 305 3194 homonyma
319 3112 430 3173 eadem
445 3109 571 3195 propria
587 3122 618 3173 et
633 3108 836 3193 appellativa,
853 3119 891 3173 ut
906 3111 1045 3195 Magnus
1056 3106 1081 3145 ¹⁸
1098 3113 1193 3175 Pom·

23 3284 217 3297 ».ι.-ψ...-

92 3410 121 3459 ro
140 3407 181 3477 (iu
194 3408 293 3477 marg.)
307 3405 372 3460 iuno
389 3416 507 3462 ortmann
527 3411 602 3462 adua
619 3408 673 3462 clim
693 3409 748 3462 irat
765 3402 974 3478 dosorffrayddar
993 3411 1088 3466 dorroib
1100 3421 1192 3467 aomo·

29 3488 83 3542 mid
95 3491 226 3545 adsecuto
239 3492 354 3546 dolanad
366 3496 379 3544 7
386 3487 534 3563 soilar'qutlt
547 3493 608 3546 inne
620 3493 693 3546 indrh
705 3493 872 3564 ricutpoatea
885 3495 950 3548 dicit

90 3581 118 3627 11
139 3595 168 3629 .ι.
186 3575 288 3630 trenaib
344 3581 375 3630 18
396 3597 423 3630 .1.
437 3578 620 3632 irmananman
632 3577 718 3630 adr‘cct
768 3583 798 3632 19
819 3599 846 3633 .1.
861 3586 1047 3653 cerrnforccnn
1060 3579 1194 3654 indsolot'd

27 3659 144 3714 rldtdnai
157 3661 218 3732 (sic)
267 3667 300 3716 20
320 3681 348 3716 .1.
363 3663 394 3716 m'
403 3664 457 3734 epil
467 3663 560 3732 aschrd
569 3670 642 3730 cette
653 3663 754 3734 usolod
764 3667 841 3719 duint
851 3667 869 3720 1.
884 3668 1039 3739 dopur'btlrcr
1050 3671 1105 3722 and
1115 3671 1132 3722 t.
1148 3670 1191 3722 do-

19 3739 160 3819 Jonnaqar

87 3839 115 3886 21
137 3834 281 3902 diuportha
358 3837 389 3886 22
409 3852 437 3886 .1.
452 3833 758 3904 nadsodlar'tersrralond
767 3832 884 3906 nillolad
958 3843 990 3892 ‘23
1011 3857 1038 3891 .1.
1054 3839 1190 3892 indiuidua
1255 3829 1258 3838 ’

24 3917 51 3967 n
69 3913 257 3988 nephsodlur'dr'
288 3923 320 3972 25
339 3919 451 3972 doslund
461 3918 514 3971 tile

87 4003 154 4075 (29¹)
199 4009 205 4054 1
230 4021 257 4054 .1.
272 4002 518 4073 r'ntaecmm'r'rqtltech
532 4022 559 4056 .1.
574 3995 805 4074 ‘eunainqamia
837 4011 852 4060 2
872 4025 900 4060 ..1
916 4007 1191 4077 immoderatum

22 4086 89 4140 douc.
104 4087 334 4142 aeanmandtni
366 4091 380 4140 3
402 4087 441 4159 (in
453 4089 550 4159 marg.)
565 4090 1191 4164 Asopnmtorosrtdurhalassiliintauoadarar

21 4170 140 4244 reirqitiua
160 4171 332 4242 aasaynmtar
349 4173 421 4226 assia
441 4174 652 4228 doocaldmaichc
670 4180 710 4229 tre
726 4175 790 4231 dilrt'
846 4181 860 4230 4
881 4195 910 4231 .1.
926 4184 965 4232 tre
982 4177 1100 4247 duacup.
1105 4181 1187 4250 firl.

21 4257 104 4311 eloth.
143 4259 238 4310 tilam
275 4261 290 4309 6
311 4276 339 4311 ..1
356 4259 456 4311 tarldar'

85 4347 98 4392 ῖ
120 4360 149 4396 ..ι
165 4349 228 4395 aunt
285 4346 300 4395 8
322 4344 693 4400 ..rcoitcltcndor-aclrneurt
745 4352 808 4400 11..ι
824 4367 866 4400 no.
882 4348 996 4400 hondaoe
1052 4352 1081 4400 10
1103 4350 1190 4402 .r.do-

19 4427 122 4480 rochor'r
135 4426 230 4480 inditia
240 4427 270 4479 ἀπ’
280 4427 357 4480 could
368 4447 410 4480 no.
425 4429 590 4499 dipruh'ca'tr'a

86 4515 112 4564 ll
139 4529 169 4566 .ι.
184 4511 527 4568 corrnailoinmneclttlrcclm
539 4532 562 4567 r.
609 4521 639 4570 12
660 4535 688 4569 .1.
704 4518 772 4571 darec
813 4521 843 4570 13
864 4535 891 4570 .1.
906 4517 964 4570 asin
978 4535 1090 4587 moyam
1102 4519 1192 4591 δορπί-
