2978 5054
283 341 345 403 864
496 335 538 398 V.
558 338 589 396 2.
621 352 819 398 coneosrrro
834 349 1040 396 sarranates
1056 349 1233 396 numnius.

281 505 502 574 llidiawcdmt
522 501 775 591 qyflymwychyr
788 465 1078 588 'precamffiffps
1096 497 1276 585 dyrctauel
1297 523 1318 586 y
1338 499 1441 586 pledpf

281 635 380 678 aorttc
395 617 426 690 2,
446 618 497 674 51.
530 611 573 672 Et
587 608 744 692 ejusmodi
758 607 835 672 alibi
850 606 923 671 alia.

369 725 399 780 6.
431 713 590 799 Adjectivi
619 713 786 800 compositi
807 733 881 776 cum
902 713 997 776 verbo
1018 711 1074 774 vix
1096 711 1233 776 occurrit
1255 713 1435 796 exemplum.

283 821 472 889 Numeralia
494 841 568 884 cum
590 817 798 883 substantivis
820 827 1057 902 componuntur
1077 817 1203 901 saepius
1224 829 1264 882 ut
1278 817 1436 902 adjectivr3

282 927 428 1013 exempla
449 925 534 990 sistit
551 945 660 988 eorum
675 933 782 1006 caput.
814 924 966 987 Notanda
980 923 1123 986 hocloco
1138 933 1187 986 est
1200 923 1378 1008 proprietas
1391 923 1439 986 lin·

282 1055 364 1119 guae
379 1031 564 1106 cambricae,
578 1049 660 1113 quae
674 1029 709 1092 in
723 1029 774 1092 his
787 1049 852 1092 non
865 1029 969 1092 solum
980 1049 1094 1112 genus,
1108 1029 1273 1112 sedetiam
1283 1049 1440 1092 numeram

283 1161 358 1204 cum
372 1135 499 1222 propria
514 1135 677 1198 interdum
691 1133 987 1218 forma-distinguit,
1005 1156 1033 1196 e.
1048 1155 1096 1218 gr.
1110 1157 1117 1197 :
1137 1135 1316 1220 tcirblwyd,
1327 1134 1441 1217 pedeir-
1482 1179 1483 1192 ,

284 1245 390 1329 blwyd
403 1245 492 1325 (tres,
510 1251 647 1325 quatuor
661 1239 756 1316 anni3
781 1239 939 1327 blwydyn,
957 1241 1046 1318 iem„
1065 1239 1136 1318 teir,
1147 1241 1264 1324 podet'r
1278 1239 1396 1304 formae
1408 1239 1442 1302 fe
1481 1245 1483 1326 ἑ

283 1349 425 1414 mininae
440 1367 530 1410 num.
556 1346 609 1424 tri,
627 1347 785 1428 petwar),
805 1345 947 1423 trinetat,
965 1345 1142 1423 eltwcrnes'b,
1159 1345 1366 1412 seithmes'rclt
1380 1349 1442 1427 (tres
1482 1331 1483 1344 ἶ

283 1456 393 1531 valles,
416 1473 472 1516 sex
492 1450 563 1527 filii,
580 1461 702 1534 septem
724 1449 809 1534 equi,
826 1451 924 1528 noim,
942 1451 1034 1530 meib,
1052 1450 1182 1528 meis-ch,
1200 1453 1303 1536 plur.‚
1322 1475 1356 1537 p.
1375 1457 1441 1526 Μ

284 1562 324 1625 of.
343 1558 407 1643 adj.
424 1557 548 1620 hibern.
572 1567 635 1619 vet.
661 1555 689 1620 il
707 1555 920 1640 compositum
940 1579 1014 1620 cum
1036 1557 1244 1621 substantivis
1265 1557 1303 1620 in
1326 1577 1443 1620 nrmrero

283 1663 412 1752 plurali,
430 1665 570 1746 psat).
602 1663 723 1726 Juncta
743 1660 899 1746 ejusmodi
920 1683 994 1726 cum
1012 1661 1220 1726 substantivis
1235 1662 1391 1726 videntur
1402 1663 1443 1725 nl·
1473 1696 1483 1767 ἑ

280 1771 412 1857 jectiva:
427 1769 499 1832 mab
513 1767 680 1853 teirblwyd
688 1769 781 1850 (puer
793 1765 940 1849 triennis)
953 1769 1041 1832 Mab.
1059 1775 1090 1843 3,
1101 1773 1153 1830 ³2.
1171 1789 1270 1832 amcos
1281 1767 1449 1852 naopayaj
1473 1800 1484 1907 p

285 1881 400 1960 (equus
422 1893 537 1938 novem
558 1871 678 1938 hiemes
697 1883 805 1950 natus,
822 1871 994 1955 novennis)
1010 1873 1098 1936 Mab.
1118 1875 1149 1948 2,
1165 1877 1238 1949 215,
1257 1885 1341 1936 sunt
1355 1885 1445 1936 tarum

285 1983 432 2046 habenda
445 1980 603 2042 abstracta
616 1976 793 2042 numeralia
806 1975 841 2040 in
851 1977 994 2061 genitivo
1006 1977 1061 2060 (cl.
1075 1999 1108 2061 p.
1125 1979 1212 2060 322).
1238 1979 1367 2041 Eadem
1377 1998 1445 2040 oon·
1473 1918 1484 2017 i

285 2086 402 2172 positio
423 2084 458 2148 in
484 2083 548 2168 adj.
573 2083 736 2148 teimossic
757 2084 835 2166 (tres
855 2094 964 2148 noctes
986 2095 1102 2159 nattum
1126 2103 1183 2148 aot
1203 2083 1298 2164 fem.)
1318 2085 1405 2148 Mab.
1420 2087 1443 2158 2,

287 2199 360 2255 225.
379 2195 453 2254 232.

474 2431 512 2490 B.
553 2425 793 2490 Pronomina
821 2437 860 2489 et
882 2429 1003 2490 verba
1025 2427 1267 2511 composita.

372 2613 484 2678 Minus
499 2610 626 2696 copiosa
640 2621 728 2688 sunt,
746 2631 842 2694 quam
857 2621 960 2674 cetera
974 2593 1160 2696 composita.
1190 2613 1392 2678 Pronomina
1404 2625 1449 2675 aut

286 2741 395 2784 secum
417 2716 601 2801 composita,
620 2739 648 2779 e.
666 2737 715 2799 gr.
732 2715 823 2793 miat‘,
843 2715 914 2792 ridi,
929 2717 1026 2794 crull,
1045 2717 1115 2794 lull,
1133 2727 1191 2780 aut
1212 2737 1288 2780 cum
1313 2720 1448 2782 substan

286 2825 360 2888 tivis
382 2823 433 2886 vel
454 2821 691 2897 numeralibus,
714 2843 742 2885 e.
760 2841 808 2905 gr.
834 2822 953 2898 alldut,
977 2821 1173 2908 yllocdwor,
1193 2822 1263 2906 jam
1283 2833 1449 2887 memorata

286 2941 363 2994 sunt
378 2931 424 3012 (p.
445 2935 504 2990 375
518 2947 565 3010 sq.
584 2933 658 2988 404.
677 2930 765 3010 406).

371 3033 550 3098 Verborum
579 3053 653 3095 cum
682 3029 889 3095 substantivis
918 3031 1165 3116 compositorum
1190 3033 1344 3118 exempla
1367 3051 1448 3117 quac

286 3141 377 3204 dam:
389 3139 573 3222 dt'scpnaay
581 3137 693 3221 loppoa
701 3137 803 3220 (locus
811 3136 1174 3220 exponendicnavibus)
1182 3137 1256 3202 Lrb.
1268 3139 1377 3202 Land.
1388 3143 1447 3199 135.

287 3265 467 3330 espynuoen
479 3241 769 3324 (lapia'scandendi,
783 3261 824 3304 ex
835 3262 898 3325 quo
910 3242 1074 3306 scanditur
1084 3243 1119 3305 in
1131 3263 1270 3327 equum3
1284 3244 1446 3330 dubqyans,

286 3350 445 3434 pappant)
461 3347 550 3410 Mab.
571 3353 670 3423 t,1l.
695 3347 832 3434 yspeilty
847 3348 974 3431 (domus
995 3347 1164 3432 spoliandi,
1187 3349 1348 3433 spelunca
1368 3349 1447 3412 leco

286 3456 380 3534 num)
397 3453 485 3516 Mab.
506 3458 535 3528 1,
555 3457 607 3514 37.

572 3689 610 3754 C.
643 3683 888 3762 Particulae
909 3693 1171 3778 compositae.

373 3877 442 3940 Aut
463 3874 688 3960 inseparabiles
710 3887 768 3942 aut
782 3877 983 3962 separabiles,
1001 3887 1039 3941 ut
1055 3877 1249 3956 hibernicae,
1267 3875 1449 3962 compositae

288 3990 460 4046 occurrunt
479 4003 553 4044 cum
573 3981 791 4061 substantivis,
809 3983 984 4068 adjectivis,
1001 3983 1115 4047 verbis.
1148 3981 1363 4068 Separabiles,
1379 3997 1448 4066 qut

288 4095 450 4171 separatae
470 4085 720 4171 praepositiones
740 4099 817 4152 sunt
838 4099 895 4154 aut
913 4088 1044 4154 metunt
1063 4089 1236 4172 quondam,
1254 4087 1290 4153 in
1303 4083 1448 4172 comped-

288 4192 375 4256 tionc
389 4192 552 4256 interdum
566 4191 668 4256 varias
683 4195 822 4258 subeunt
835 4194 963 4259 formas.
989 4193 1222 4280 inseparabiles
1237 4193 1291 4258 bic
1304 4193 1445 4279 primun,

288 4297 363 4362 ‹lein
387 4296 577 4381 separabiles
598 4297 774 4382 particulae
796 4309 828 4365 et
848 4321 903 4363 eae
925 4319 1006 4383 quae
1028 4297 1277 4384 praepositiones
1298 4297 1448 4364 medeae

288 4412 375 4477 stult,
393 4412 631 4466 enumerantur.
