2978 5054
272 389 335 454 918
489 391 551 455 VI.
570 393 600 454 2.
633 411 857 457 coasraucrro
872 411 1013 456 rorum
1028 411 1229 458 arenarum.

361 560 557 624 Assonantia
588 571 637 625 est
669 559 723 625 hic
749 560 946 646 copulativa,
977 583 1078 646 aeque
1105 563 1244 648 duplex,
1274 563 1308 627 in
1339 565 1422 649 prim

277 666 424 751 stropha,
449 667 664 751 contraposita
688 667 724 732 in
750 667 901 732 secunda.
939 668 1136 734 Assonantia
1159 669 1266 734 finalis
1291 669 1423 754 bisyllaba

277 793 370 858 porro
387 772 422 836 in
437 772 508 837 aliis
523 773 662 858 hymnis,
681 794 816 857 quorum
830 783 940 837 auctor
953 773 1179 839 vetustissimis
1194 775 1376 841 testimoniis
1388 799 1423 842 ae

278 878 393 942 seritur
408 879 596 944 Ambrosius
612 879 667 960 (ef.
684 879 843 944 editorum
857 878 1108 944 admonitionem
1121 879 1157 944 in
1172 881 1333 966 hymnos),
1348 903 1373 946 e.
1385 904 1421 967 gr.

279 983 314 1048 in
329 983 424 1068 primi
439 985 569 1069 stropha
584 995 691 1049 sexta:
1270 975 1274 983 ¹

422 1108 508 1166 Gallo
524 1115 645 1167 canente
664 1107 669 1184 Ι
689 1127 756 1184 spes
770 1108 855 1179 redit,
877 1101 888 1190 Ι
904 1109 999 1184 aegris
1019 1103 1023 1192 Ι
1043 1109 1123 1168 selus
1137 1109 1313 1181 refrmditar,

423 1213 527 1269 Mucro
547 1212 552 1288 Ι
571 1212 692 1270 latronis
708 1209 853 1280 conditer,
874 1203 885 1292 Ι
919 1209 925 1286 Ι
944 1210 1035 1286 lapsis
1049 1212 1123 1270 fides
1137 1211 1304 1270 revertitur.

364 1325 468 1388 Immo
491 1325 672 1410 trisyllabae
693 1321 893 1388 assonantiee
914 1323 1056 1388 finientis
1074 1343 1135 1387 nec
1154 1345 1221 1388 non
1235 1324 1353 1389 mediae
1365 1337 1423 1388 sunt

280 1431 426 1514 exempla
440 1431 491 1494 vel
505 1431 651 1516 vestigia,
668 1451 697 1494 e.
714 1451 762 1514 gr.
780 1429 815 1492 in
831 1429 936 1512 quarti
951 1430 1091 1493 secunda
1105 1429 1253 1514 stropha:

365 1558 435 1614 Non
450 1575 487 1614 ex
501 1553 577 1612 virili
596 1553 601 1630 Ι
621 1553 734 1624 senine,
756 1547 766 1636 Ι
783 1553 836 1612 sed
850 1553 974 1628 mystico
993 1551 998 1628 Ι
1018 1551 1172 1628 spiramine
1477 1615 1478 1618 ,

367 1651 371 1738 Ι
387 1657 519 1716 Verbum
533 1656 580 1714 dei
600 1655 605 1733 Ι
624 1657 734 1715 facturn
748 1675 814 1714 caro
830 1649 842 1739 Ι
876 1655 882 1732 Ι
901 1656 1072 1730 fractamque
1092 1647 1096 1736 Ι
1115 1653 1226 1713 ventris
1245 1655 1251 1732 1
1270 1657 1370 1714 floruit.

366 1772 408 1835 In
423 1770 529 1856 quinti
544 1768 657 1855 hymni
672 1781 779 1836 sexta:
1477 1747 1478 1784 Ι

389 1895 437 1954 Sic
457 1888 461 1976 Ι
481 1895 610 1970 quinque
625 1893 755 1952 millibus
770 1893 838 1952 viru
854 1887 865 1976 Ι
881 1894 952 1952 dum
971 1887 975 1975 Ι
995 1892 1125 1970 quinque
1139 1911 1233 1970 panae
1247 1893 1358 1964 dividia,

388 1997 543 2056 Balentium
558 1997 613 2054 sub
628 1995 756 2055 dentibus
772 1989 784 2079 Ι
799 1996 830 2057 in
845 2015 894 2054 ore
914 1989 919 2078 Ι
939 1995 1086 2054 crescebat
1105 1989 1110 2076 Ι
1130 1993 1221 2053 cidus.

367 2111 409 2176 In
423 2109 552 2196 septimi
567 2109 661 2174 tertia
675 2121 708 2174 et
722 2120 835 2194 quarta
850 2109 996 2194 stropha:

330 2221 340 2246 ⁰
390 2229 394 2311 Ι
419 2234 497 2292 Votis
518 2227 522 2315 Ι
542 2252 672 2292 oceanus
688 2239 717 2291 ct
731 2239 849 2309 patrea,
870 2227 881 2314 Ι
917 2227 921 2315 Ι
940 2239 1049 2310 petrem
1068 2232 1073 2308 Ι
1091 2231 1225 2309 perennis
1241 2231 1356 2308 gloriae,
1476 2269 1478 2332 Ι

390 2331 395 2416 Ι
412 2337 525 2394 Patrem
544 2329 549 2415 Ι
567 2334 693 2412 potentis
708 2335 827 2412 gratiae,
847 2328 859 2416 Ι
875 2334 992 2410 culpam
1006 2331 1136 2416 relleget
1154 2329 1159 2416 Ι
1178 2333 1331 2394 lubricam.

390 2431 395 2518 Ι
411 2437 554 2494 Inlormet
572 2433 578 2510 Ι
597 2441 679 2494 aetus
696 2444 837 2506 strenuos,
858 2429 869 2518 Ι
885 2437 985 2494 dentes
999 2437 1134 2496 retundat
1148 2437 1250 2507 invidi,

391 2543 486 2600 Casus
502 2539 640 2598 secundet
655 2557 784 2616 asperos,
805 2532 816 2622 Ι
832 2539 919 2596 donet
938 2532 942 2620 Ι
962 2537 1077 2616 germae
1096 2533 1100 2620 Ι
1120 2538 1254 2614 gratiam.

368 2675 410 2738 In
430 2674 481 2739 his
502 2685 626 2759 praeter
647 2673 781 2737 formam
795 2685 959 2738 externam
973 2671 1171 2756 incomitam
1184 2669 1289 2754 politis
1303 2669 1431 2736 classicae
1476 2665 1477 2686 ¹

283 2779 451 2845 vetustatis
472 2791 505 2844 et
524 2781 724 2865 peregrinam
745 2789 840 2856 certe,
858 2801 939 2863 quae
962 2779 1052 2843 adest
1072 2777 1160 2840 haud
1180 2776 1289 2854 dubie,
1307 2776 1431 2862 quamvis
1476 2787 1477 2800 ³

283 2897 321 2952 ut
342 2885 492 2952 addititia
511 2887 585 2971 plus
607 2887 659 2950 vel
680 2885 787 2949 minus
803 2887 979 2962 observata,
996 2883 1179 2948 dominatur
1195 2882 1300 2947 adhuc
1314 2897 1432 2948 metram

282 2991 422 3058 latinum
442 3003 475 3058 et
496 2991 690 3078 syllabarum
708 2991 882 3076 quantitas.
915 2991 979 3056 Sed
1000 2987 1103 3074 magis
1126 2989 1304 3053 inauditam
1319 2989 1431 3054 formam

284 3101 392 3176 oll'ert,
416 3121 534 3166 novam
559 3097 652 3182 quasi
681 3110 797 3162 terram
817 3097 920 3181 aperit
939 3117 1122 3178 novumque
1142 3117 1258 3160 aevum
1279 3095 1432 3162 annundat

282 3206 426 3291 psahnus
442 3203 643 3269 abecedarius
660 3205 694 3269 S.
711 3203 888 3288 Augustini
903 3200 1042 3286 episcopi
1058 3201 1281 3285 Hipponensis
1295 3203 1331 3266 in
1345 3201 1431 3267 aare

284 3312 377 3394 (obiit
392 3334 421 3376 a.
437 3315 526 3394 430),
541 3311 596 3376 sed
611 3309 666 3394 qui
681 3309 859 3396 perplures
875 3329 975 3372 annos
986 3306 1164 3370 Mediolani
1178 3307 1365 3373 rhetoricam
1376 3328 1431 3392 pro

282 3421 443 3484 litabatur.
469 3419 589 3483 Contra
603 3415 789 3480 Donatistae
804 3413 905 3499 ipsius
920 3411 1094 3478 humillimi
1108 3413 1199 3496 vulgi
1213 3435 1320 3492 causa,
1334 3425 1368 3478 ut
1379 3413 1432 3496 ipat

283 3525 373 3603 dicit,
392 3525 528 3610 scriptus
545 3533 593 3586 est
607 3523 761 3608 psalmus.
793 3521 834 3586 Iu
849 3519 910 3584 hoe
924 3541 1018 3584 omne
1032 3531 1170 3584 metrum
1184 3529 1218 3584 ct
1232 3529 1335 3586 omnis
1349 3541 1432 3604 quan·

283 3632 358 3696 titas
380 3631 586 3706 desideratur,
604 3631 694 3693 adest
714 3625 844 3690 nonnisi
864 3625 1048 3689 assonantia
1069 3647 1143 3690 cum
1158 3635 1243 3690 certo
1259 3627 1433 3710 syllabarum

283 3759 428 3802 numero.
437 3737 454 3770 *
476 3735 589 3806 Quivis
601 3756 710 3799 versus
721 3733 798 3798 bina
808 3732 949 3796 membra
961 3730 1114 3810 continet,
1130 3731 1264 3816 quodvis
1275 3733 1432 3796 membrum

352 3999 366 4028 ⁹
379 3999 548 4070 Syllabarum
558 4005 647 4053 certus
659 4015 787 4052 numerus
799 4014 848 4068 per
859 3995 954 4066 sejam
966 3995 1040 4067 apud
1051 3993 1136 4049 Indos
1148 3995 1284 4068 genemlie
1295 3991 1433 4062 tempor

283 4085 338 4140 tica
358 4091 407 4150 eet,
422 4083 544 4155 quamvis
563 4083 591 4136 in
611 4099 703 4136 eorum
720 4089 829 4138 vetusta
846 4081 942 4151 lingua
954 4079 1114 4152 quantitatis
1126 4079 1170 4134 vel
1181 4081 1316 4135 vocalium
1328 4077 1434 4134 brevium

283 4177 311 4224 et
322 4171 466 4240 longorum
479 4169 515 4222 eit
526 4169 644 4239 perfecta
657 4165 805 4221 distinctio.
825 4165 941 4220 Versum
953 4165 1035 4220 etiam
1047 4165 1120 4236 apud
1131 4165 1182 4218 hos
1195 4163 1251 4220 duo
1260 4164 1375 4220 membre
1383 4175 1434 4214 ooo·

282 4255 410 4318 etituunt,
431 4255 486 4307 duo
503 4270 596 4306 versus
614 4251 759 4317 distichon,
775 4253 849 4323 quod
868 4251 964 4306 dicunt
981 4251 1088 4304 iheum.
1114 4247 1216 4304 Versus
1234 4249 1326 4322 apicus
1344 4244 1435 4300 brevite

282 4337 378 4392 ceteris
396 4345 425 4391 et
441 4337 643 4404 usitatissimus,
658 4355 712 4407 quo
730 4337 878 4391 carminum
897 4336 1034 4408 epicorum
1052 4335 1149 4406 ingena
1170 4335 1255 4390 moles
1274 4327 1433 4390 decurritin

282 4421 378 4493 quovis
395 4421 515 4475 membro
534 4431 595 4476 octo
614 4421 730 4493 syllabas
748 4421 884 4494 postulat;
905 4421 997 4492 plures
1013 4421 1043 4474 in
1061 4419 1121 4476 eliis
1138 4421 1286 4476 carminmn
1303 4413 1433 4491 μαὺπ’

280 4523 441 4578 componere
458 4507 547 4563 solent
565 4511 661 4579 politae
679 4525 728 4579 pro
746 4507 858 4563 arbitrio
875 4523 925 4562 auo
942 4507 1110 4579 plerumque,
1124 4525 1149 4561 e.
1163 4523 1205 4578 gr.
1219 4499 1394 4562 brenmula
1410 4495 1431 4549 2⁸
