3004 5066
282 345 363 406 1068
463 363 647 409 arrarum.
681 359 846 409 senonias
862 365 987 410 comors
1004 365 1180 408 nisnarucr
1198 365 1261 422 arn.

278 517 355 601 quid
367 516 538 579 dicendum
550 525 608 591 est,
623 515 830 599 explicemur,
845 515 996 599 quoniam
1008 538 1074 578 nou
1086 526 1134 579 est
1145 515 1240 579 nobis
1252 501 1434 599 propositum

278 621 374 686 latius
396 631 512 693 cuncta
531 617 708 705 prosequi,⁸
730 621 785 685 sed
808 615 992 685 summatim
1004 621 1163 684 dictorum
1177 621 1325 684 omnium
1340 641 1435 682 sensus

277 728 452 810 adtingere,
471 739 509 789 ut
529 727 654 810 possint
673 727 803 790 lecturis
824 727 1032 812 expositionis
1053 729 1155 812 prima
1176 727 1260 790 facie
1283 724 1434 801 relucere,'

278 833 342 896 illis
365 828 602 916 relinquentes⁸
623 831 823 897 occasiones⁰
845 834 973 918 majoris
989 833 1235 917 intelligentiae,
1252 832 1280 896 si
1295 831 1435 895 voluerint

268 939 386 1022 ¹aliqua
408 934 565 1015 addere,¹⁰
585 961 665 1022 quae
682 950 789 1003 tamen
805 963 824 1003 a
838 939 1011 1025 praemissa
1027 939 1294 1024 interpretatione
1309 961 1370 1001 non
1383 937 1434 1000 dis-

278 1059 419 1130 crepent.
459 1045 526 1108 Ista
548 1045 634 1108 euim
656 1046 721 1109 veri
745 1057 793 1110 est
815 1046 1000 1110 intellectus
1019 1045 1188 1130 perfectio,
1214 1055 1254 1107 ut
1277 1044 1435 1106 secundun

278 1151 428 1214 historiae
453 1149 548 1213 fidem
571 1163 712 1214 tenorem
735 1152 941 1236 expositionis
963 1164 1109 1236 aptemus
1132 1161 1164 1213 et
1185 1145 1433 1213 concinnenter¹¹

278 1281 326 1335 ea,
344 1279 425 1341 quae
440 1256 575 1320 dicenda
590 1267 677 1333 sunt,
695 1258 902 1341 proferamus.

364 1367 482 1426 Beatus
504 1362 552 1424 vir
573 1363 715 1446 quinon
737 1363 815 1426 abiit
829 1365 864 1426 in
886 1363 1019 1428 consilio
1034 1363 1220 1447 impiorum,
1242 1383 1342 1444 usque
1356 1359 1432 1424 sedit.

279 1471 447 1533 Interdum
469 1469 626 1553 scriptura
640 1469 749 1532 divina
764 1471 847 1533 inter
861 1470 996 1554 impium
1012 1481 1044 1534 et
1058 1479 1261 1554 peccatorem
1276 1467 1350 1531 facit
1362 1465 1433 1528 diffe

278 1575 425 1653 rentiam,
440 1575 575 1658 impium
590 1597 706 1638 vocans
722 1575 772 1638 dei
789 1577 854 1638 veri
868 1575 1017 1640 notitiam
1028 1599 1093 1638 non
1105 1575 1295 1650 habentem,
1310 1584 1431 1656 peccato

279 1704 344 1744 rem
368 1703 440 1745 vero
462 1681 590 1744 honesti
607 1681 750 1764 justique
774 1683 932 1746 tramitem
954 1705 1019 1745 non
1043 1693 1220 1745 terrentem.
1262 1681 1378 1743 Tamen
1396 1689 1433 1738 est

279 1788 333 1850 ubi
349 1787 511 1852 communi
523 1787 678 1850 vocabulo
686 1782 711 1822 ¹²
723 1797 896 1872 utrumque
908 1789 1079 1872 siguificat.
1106 1789 1145 1850 In
1155 1785 1322 1871 praesenti
1332 1783 1432 1869 psalmo

280 1905 386 1957 tamen
401 1894 528 1957 videtur
542 1894 642 1957 facere
658 1889 940 1972 distinctionem,¹³
955 1895 1107 1977 quoniam
1121 1894 1205 1970 vult,
1225 1893 1283 1977 qui
1300 1893 1339 1955 sit
1347 1889 1370 1924 ¹⁴
1383 1902 1431 1951 sta·

281 2010 332 2061 tus
354 1999 567 2081 perfectionis,
593 2000 779 2084 exprimere,
799 2001 851 2062 cui
873 2000 970 2063 etiam
984 1981 1220 2064 beatitudinem
1236 1993 1368 2062 credit¹⁸
1386 1995 1431 2057 rite

279 2103 501 2188 competere,¹⁶
517 2108 567 2170 vel
582 2117 710 2191 propter
725 2107 895 2190 perfectam
911 2109 950 2170 de
965 2107 1082 2170 deitate
1098 2104 1252 2169 notitiam
1265 2105 1315 2166 vel
1326 2114 1430 2186 propter

280 2212 386 2275 studia
407 2213 491 2277 vitae
511 2211 661 2276 melioris}
693 2213 788 2280 Quod
810 2235 882 2276 vero
903 2213 960 2288 ait,
977 2235 1043 2276 non
1064 2211 1152 2288 abiit,
1176 2232 1247 2274 non
1270 2207 1364 2284 stetit,
1379 2226 1428 2268 non

280 2317 371 2394 sedit,
390 2318 514 2382 animae
530 2329 635 2382 motus
650 2318 865 2402 corporalibus
881 2318 987 2403 signat
1002 2314 1155 2382 indiciis.¹
1183 2316 1358 2390 Quoniam,
1373 2333 1429 2374 cun

280 2423 409 2506 aliquod
430 2423 582 2488 molimur
597 2425 731 2500 efficere,
747 2421 907 2508 primum²
930 2427 969 2488 ad
984 2423 1204 2507 arripiendum
1221 2417 1324 2506 opus⁸
1345 2439 1428 2483 move·

279 2551 351 2591 mur
366 2529 399 2592 in
415 2553 571 2614 gressum,
585 2531 700 2603 deinde
716 2531 933 2606 subsistimus,
947 2531 1004 2594 ubi
1016 2553 1065 2592 res
1078 2529 1182 2612 coepit
1194 2527 1289 2592 esse⁴
1305 2529 1337 2590 in
1348 2521 1429 2588 mani·

278 2637 350 2710 bus,
369 2639 409 2700 ad
431 2639 606 2702 sedendum
628 2660 702 2701 vero
725 2634 959 2728 convertimurl⁵
981 2636 1110 2720 negotio
1121 2635 1190 2720 jam
1206 2631 1347 2720 parata‘
1372 2633 1428 2694 Hoc

279 2766 353 2828 ergo
375 2755 504 2808 sanetus
520 2744 625 2807 David
648 2743 703 2821 ait,
728 2743 888 2826 quoniam,
902 2742 956 2805 ille
977 2765 1051 2806 vero
1074 2743 1187 2805 beatus
1206 2741 1263 2818 sit,
1279 2739 1332 2824 qui
1345 2753 1428 2819 neque

278 2849 389 2933 primis
406 2850 534 2933 quidem
548 2849 692 2933 vestigiis
707 2849 910 2932 impietatum
925 2848 1151 2932 cogitationem
1167 2847 1252 2912 adiit
1267 2848 1317 2910 vel
1330 2847 1427 2928 ingres·

278 2979 332 3019 sus
348 2967 408 3032 est,
422 2978 526 3040 neque
542 2957 704 3020 adfectum
719 2954 809 3038 pravi
824 2954 927 3038 operis
943 2953 1084 3032 admisit,
1099 2976 1205 3037 neque
1222 2955 1292 3017 ulla
1303 2949 1426 3015 inretitus

279 3071 327 3125 est
348 3063 450 3125 malae
471 3061 691 3125 delectationis
713 3063 883 3137 inlecebra,
901 3061 986 3144 quod
1004 3060 1135 3123 nomine
1150 3060 1323 3124 cathedrae
1337 3067 1365 3119 et
1378 3073 1426 3114 ses·

278 3166 398 3232 sionis⁷
420 3169 615 3245 ostenditur,
639 3179 806 3232 uteorum
831 3167 990 3231 consortio
1007 3166 1208 3250 jungeretur,
1237 3165 1292 3250 qui
1315 3161 1425 3226 aliorum

279 3275 516 3359 simplicitatem
536 3297 659 3339 veneno
679 3297 755 3340 suae
771 3273 936 3358 pravitatis
952 3268 1131 3337 inficiunt.⁸
1160 3274 1236 3337 Hos
1252 3269 1336 3334 enim
1349 3261 1424 3350 pesti·

348 3535 362 3584 6
381 3533 507 3586 dortmem
544 3537 557 3585 7
577 3533 671 3586 r'nator‘r
683 3533 782 3587 airhed
792 3533 908 3586 cedulam
921 3532 974 3584 ddn
987 3531 1107 3600 ἀοωιρηκ
1119 3530 1215 3584 instoir
1252 3532 1267 3582 8
1285 3525 1424 3595 ΛΜΝ

278 3619 294 3668 9
314 3635 342 3669 .ι.
356 3635 415 3669 sear
430 3622 442 3668 1
456 3620 573 3672 moratus
639 3623 670 3672 10
687 3619 809 3672 assumtio
820 3616 984 3686 ldicfimmim'
993 3617 1108 3670 doibsom
1120 3617 1221 3670 αὼπόἡ
1234 3616 1347 3669 dinam
1358 3613 1369 3660 l
1380 3605 1422 3659 df*

279 3719 363 3754 soora.
378 3701 698 3774 marrrpecoirsmirinstoir
710 3704 894 3776 andfiodamni
929 3707 955 3755 11
979 3721 1007 3755 .ι.
1023 3701 1163 3755 inchobaid

351 3791 378 3840 12
399 3805 427 3841 .1.
441 3789 582 3842 acoiaten
594 3790 732 3843 maechar-
743 3791 774 3842 de
786 3789 859 3842 aiam
871 3787 950 3842 aloiti
986 3792 1016 3841 13
1036 3785 1214 3841 .1.ccm'deairs
1227 3777 1421 3846 adramiae
1482 3783 1484 3866 l

278 3871 374 3942 impias
388 3877 401 3925 7
410 3881 535 3944 peccator
548 3875 590 3928 hle
627 3879 658 3928 14
676 3875 752 3928 cicM
787 3877 817 3927 15
838 3875 931 3928 ονόαἰά
966 3877 996 3927 16
1015 3869 1191 3926 immundata

348 3959 414 4032 (15¹)
455 3963 515 4014 ln.
533 3963 627 4016 meleti
643 3960 874 4015 arthemiam
917 3945 1418 4029 aoatracoatradonadtotwmlitt

278 4063 306 4096 .1.
327 4045 476 4100 coemar'lius
501 4047 566 4101 iana
583 4051 656 4100 retae
675 4046 762 4100 marlia
781 4050 794 4098 7
814 4045 879 4099 iana
898 4043 1074 4114 cumecaiqthe
1095 4043 1247 4096 timeamus
1258 4033 1419 4110 ΜΨ*

184 4180 188 4186 .
277 4130 383 4199 corptlrr'
400 4149 427 4184 .ι.
448 4138 522 4202 opert
532 4133 565 4186 do
578 4134 647 4186 aoht
658 4132 717 4185 rena
729 4129 1049 4200 imratt'asoohormar’h'us
1063 4128 1151 4199 dapar
1162 4119 1417 4188 minama'atrm

275 4215 313 4268 sic
325 4222 365 4269 est
375 4216 404 4269 in
416 4217 525 4288 reh'quis
561 4223 575 4271 3
596 4237 624 4271 .ι.
639 4219 671 4271 do
682 4216 833 4270 intimor'trd
843 4215 960 4286 iaqniaro

345 4304 359 4352 t
380 4301 546 4356 hctscumhul
559 4321 587 4356 .ι.
601 4302 676 4356 interr
688 4303 809 4356 mdiormr'
819 4301 945 4372 ocasorbu
956 4303 1004 4354 eda
1046 4305 1061 4352 5
1081 4318 1109 4352 .ι.
1124 4299 1247 4369 iar-sorba
1260 4293 1417 4366 Quium

268 4384 428 4454 serilliptheo
441 4405 485 4440 oco
520 4391 535 4442 6
556 4407 585 4442 .ι.
599 4387 667 4441 habu
679 4389 830 4444 rorbar'ther
846 4387 949 4459 tapnim
965 4387 1005 4440 otc
1017 4403 1051 4439 ao
1063 4384 1147 4438 maith
1152 4383 1289 4454 sarith'pud
1297 4397 1338 4433 m
1348 4377 1414 4428 t'w

278 4469 472 4525 7.1.indsar'di
505 4476 519 4526 8
531 4473 666 4542 frisorcat
