2986 5050
294 354 356 416 772
420 354 462 418 V.
484 361 512 416 1.
545 373 728 420 nnmvsmo
743 375 883 420 usnmcs
898 375 940 419 nn
955 375 1142 420 1111111111
1157 376 1325 422 resumit.

292 523 418 600 Galliae
432 523 597 588 nominata
612 546 630 588 a
642 523 748 588 fluviis
754 525 876 602 Asara,
891 525 1024 602 Autaro,
1039 525 1114 589 bod.
1128 526 1222 603 Evrc,
1237 527 1346 608 Eure).
1367 527 1431 610 Age

291 630 399 693 dicum
413 631 505 693 Caes.
534 627 727 693 Minaticum
742 630 842 711 (Gall.
860 631 937 712 loc.)
953 630 1128 694 Itin.·Ant.
1156 631 1432 712 Aventicumffld·

291 745 355 798 vet.
373 737 483 817 caput)
499 734 575 796 Tac.
609 735 681 798 00:
703 727 822 817 Ὀβὸκα
838 735 929 816 (fluv.
947 735 1103 819 Hibem.)
1120 737 1204 800 Ptol.
1235 735 1433 800 Durocobrivis

292 838 454 921 (Britann.
471 839 548 914 loc„
564 839 587 902 i.
605 861 633 902 e.
657 861 738 923 pons
760 841 924 916 Durocae;
946 841 988 904 cs.
1013 841 1233 905 Samarobriva
1254 845 1357 923 Caes.)
1372 842 1432 905 ltin.

291 947 369 1010 Ant.
381 943 507 1006 Bibroci
520 944 611 1008 Caes.
630 944 707 1008 UO:
721 941 863 1030 saupoc'r
872 945 984 1028 (herba
994 945 1433 1030 gladiatoriaGallis)Dioscor.

293 1059 324 1130 4,
340 1056 392 1114 90.
408 1048 542 1122 Sunuci,
555 1049 718 1113 Aduatuci
729 1053 818 1134 (pop.
832 1050 934 1134 belg.)
950 1051 1038 1114 Plin.
1052 1053 1144 1116 Caes.
1160 1051 1322 1135 Spumeus
1334 1051 1434 1133 (l'nbo

291 1159 362 1240 cus)
375 1154 524 1238 Inscript.
536 1156 635 1246 01111τ
649 1161 743 1218 3108.
757 1158 999 1238 Banuca(nom.
1009 1157 1101 1239 fem.)
1110 1157 1211 1220 Orell.
1222 1165 1319 1220 1000.
1332 1158 1435 1220 &mco

291 1263 391 1328 Orell.
407 1267 502 1324 2775.
516 1261 667 1325 Visucius
682 1261 788 1343 (deus)
804 1261 955 1344 Inscript.
971 1262 1071 1326 Orell.
1087 1269 1182 1326 2067.
1203 1263 1307 1327 Stein.
1318 1269 1365 1324 03.
1379 1267 1433 1324 101.

376 1368 409 1450 ὀ)
431 1368 516 1430 Cum
530 1365 691 1430 vocalibus
705 1366 879 1450 productis.
912 1367 1199 1450 Frequentissimae
1214 1380 1295 1432 sunt
1308 1365 1436 1430 formulae

290 1473 469 1538 derivantes
483 1450 553 1549 AC,
571 1449 647 1535 IAC
656 1519 666 1548 ,
686 1471 754 1555 jam
780 1474 968 1536 statuendae
995 1473 1030 1536 in
1057 1473 1180 1556 gallicis
1210 1473 1387 1538 nominibus
1403 1469 1436 1532 vi·

289 1601 413 1644 rorum:
443 1578 605 1661 Galgacus
631 1579 707 1641 Tac.
733 1578 922 1642 Dumnacus
943 1581 1035 1643 Caes.
1071 1580 1259 1664 Neptacus,
1286 1576 1437 1660 Nepitacus

290 1684 441 1768 Inscript.
459 1669 559 1747 Orell.
578 1689 672 1745 1505.
692 1683 858 1767 Magiecus
873 1684 973 1748 Orell.
992 1691 1088 1748 4000.
1109 1683 1305 1760 Diviciacus,
1322 1679 1436 1746 Valetia-

291 1811 347 1854 cus
362 1790 469 1865 Caes,
494 1789 534 1851 ad
555 1809 636 1871 quae
657 1789 779 1852 accedit
800 1811 918 1853 nomen
939 1790 1052 1873 populi
1072 1789 1257 1873 Segontiaci
1281 1791 1368 1853 Caes.
1394 1787 1438 1849 so

291 1897 376 1960 enim
387 1915 504 1958 nomen
517 1893 646 1957 obvium
657 1893 692 1956 in
703 1893 910 1979 inscriptione
921 1906 1047 1959 vetusta
1058 1897 1231 1959 Caratacus
1246 1894 1303 1975 (cs.
1317 1895 1436 1958 emou-

290 2023 347 2066 cus
359 2001 453 2082 Tac.)
469 1999 573 2062 adhue
588 2001 674 2082 apud
688 2001 824 2084 populos
838 2000 1032 2064 britannicos
1046 1999 1144 2063 medii
1158 1998 1228 2062 aevi
1245 1999 1338 2062 vaide
1351 1996 1436 2077 vulgr-

291 2115 372 2180 tum
383 2115 415 2169 et
435 2127 509 2168 cum
524 2105 625 2169 vocali
640 2107 794 2187 producta
808 2105 950 2169 finientis
966 2103 1169 2168 derivationis
1184 2105 1348 2187 prolatum
1361 2106 1400 2187 (p.
1414 2107 1435 2162 5.

292 2219 344 2276 96.
366 2213 544 2293 110.112).
581 2212 625 2274 Ε1
647 2213 817 2275 concordat
837 2233 955 2276 nomen
976 2213 1140 2286 Benacus,
1164 2209 1218 2272 vix
1242 2231 1312 2274 non
1332 2206 1437 2292 gallim

290 2316 433 2400 originis,
451 2317 537 2400 apud
552 2327 672 2380 veteres
686 2321 796 2400 poetas
812 2319 859 2401 (p.
880 2319 946 2401 18).

376 2421 501 2487 Passim
515 2431 686 2486 occurrunt
701 2424 829 2486 eaedem
843 2423 997 2488 formulae
1011 2443 1086 2486 cum
1100 2421 1328 2488 terminatione
1339 2415 1437 2505 generi

291 2527 436 2593 neutrius
451 2527 486 2591 in
501 2527 684 2592 nominibus
699 2528 841 2594 locorum
855 2527 977 2612 gallicis
993 2539 1059 2592 tam
1073 2549 1114 2591 ex
1126 2539 1229 2592 aetate
1243 2531 1439 2593 1111111111

292 2656 389 2720 quam
410 2633 625 2697 crecentiore.
657 2634 793 2698 Subesse
808 2633 858 2696 his
872 2633 1004 2698 nomina
1016 2633 1157 2697 virorum
1171 2633 1280 2711 villas,
1298 2633 1387 2706 vicos,
1399 2649 1438 2711 op

292 2741 368 2825 pida
381 2738 589 2804 condentium
602 2739 653 2802 vel
668 2739 900 2822 possidentium
914 2740 1041 2820 (eodem
1054 2741 1148 2804 modo
1163 2751 1202 2802 ut
1215 2739 1395 2804 nomimbus
1406 2734 1438 2796 lo

294 2867 405 2929 corum
418 2843 607 2930 germanicis
621 2845 656 2907 in
670 2844 772 2928 -s'npo,
789 2843 912 2930 dapum
926 2845 1004 2908 item
1019 2844 1315 2928 frequentissimis),
1328 2844 1390 2928 jam
1400 2859 1440 2924 pt·

293 2963 341 3016 tet
350 2973 369 3016 e
379 2950 605 3015 vetustioribus
617 2950 823 3034 quibusdam:
838 2951 1023 3014 Turnacum
1035 2951 1123 3033 (hod.
1135 2951 1308 3036 Toamay;
1322 2951 1439 3016 Tamus

292 3079 380 3124 nom.
398 3056 458 3122 viri
472 3055 507 3118 in
520 3055 631 3120 Sidon.
649 3055 742 3140 epist.
758 3063 788 3132 4,
805 3060 872 3138 21),
886 3055 1097 3119 Nemetacum
1112 3055 1185 3138 (loe.
1199 3055 1309 3139 belg.;
1326 3053 1365 3117 cf.
1379 3049 1441 3112 viro

293 3184 366 3228 rum
387 3162 519 3226 nomina
539 3161 661 3238 Names,
685 3163 801 3224 Nemct
821 3182 854 3244 p.
875 3167 947 3224 100.
968 3162 1043 3244 102)
1066 3161 1146 3224 Tab.
1171 3162 1271 3224 Peut.
1289 3159 1365 3222 ltin.
1379 3155 1439 3218 Ant

293 3268 464 3334 Avitacum
480 3267 659 3351 (praedium
673 3265 775 3348 Aviti)
792 3265 903 3330 Sidon.
921 3265 1014 3350 epist.
1033 3269 1064 3342 2,
1081 3272 1111 3328 2.
1128 3267 1338 3330 Brennacum
1352 3263 1441 3344 (Bm-

295 3395 376 3450 nus,
399 3395 517 3438 nomen
536 3372 689 3457 gallicum
709 3370 927 3452 notissimum)
947 3371 1045 3454 Greg.
1068 3371 1147 3433 Tur.
1165 3377 1196 3446 1,
1216 3375 1272 3434 22.
1291 3377 1344 3432 47.
1361 3375 1388 3442 5,
1402 3367 1440 3426 35·

297 3479 429 3563 Fredeg.
446 3487 497 3542 55.
508 3479 689 3555 ruliacum,
704 3476 905 3542 Tiberiacum
920 3475 1018 3557 (inter
1028 3475 1183 3539 Rhenum
1197 3485 1230 3538 et
1242 3477 1368 3540 Mosam
1376 3497 1384 3548 ;
1398 3469 1442 3532 1⁰·

297 3587 371 3664 lius,
386 3584 546 3666 Tiberius)
559 3582 637 3648 Itin.
652 3583 854 3647 Abudiacum
866 3579 1012 3664 (Raetiae
1024 3581 1105 3656 loc.;
1120 3580 1271 3644 Abudius
1283 3579 1374 3660 Tac.)
1382 3571 1441 3637 ltin·

297 3690 504 3756 Catusiacum
518 3689 594 3772 (loc.
611 3689 696 3774 belg.
710 3713 719 3765 3
737 3688 779 3752 cf.
793 3689 913 3752 Catuso
927 3685 962 3748 in
976 3685 1135 3770 inscript,
1148 3709 1182 3770 p.
1199 3690 1277 3767 725)
1294 3683 1370 3748 Itin.
1382 3680 1441 3743 snt
1467 3749 1468 3752 Ἴ

298 3796 539 3862 Solimariscum
551 3795 625 3876 (loc.
639 3795 681 3858 11
693 3796 818 3859 Mosam
829 3813 1028 3876 supremam
1043 3791 1083 3854 cf.
1095 3791 1244 3856 Solimari
1255 3781 1442 3866 1111111011Ρὶ

298 3903 401 3967 Stein.
422 3905 497 3984 324)
514 3899 592 3964 Itin.
611 3901 689 3964 Ant.
722 3898 852 3963 Possint
867 3897 977 3961 eedem
992 3907 1025 3959 et
1039 3896 1147 3960 reduci
1162 3895 1327 3960 interdum
1340 3893 1377 3957 11
1390 3889 1443 3952 deo

298 4029 370 4072 rum
392 4007 443 4070 vel
460 4007 590 4070 dearum
605 4005 747 4081 nomina,
765 4025 793 4068 e.
810 4025 858 4088 gr.
875 4003 936 4066 hoc
951 4001 1058 4085 ipsum
1074 3985 1318 4066 Solimariacum
1331 3999 1369 4064 ad
1382 3989 1444 4060 Soli·
1465 4005 1467 4074 ξ

152 4129 156 4138 ’
209 4172 212 4180 ,
298 4134 437 4188 maram,
460 4111 551 4196 cujus
578 4111 665 4175 aedis
686 4113 724 4174 fit
745 4109 867 4174 mentio
888 4107 924 4171 in
944 4106 1153 4190 inscriptione
1173 4127 1226 4190 ap.
1250 4105 1350 4171 Orell.
1368 4102 1443 4165 2050,

299 4218 551 4303 Mogontiacum,
571 4215 812 4300 Mogontiacum
833 4215 874 4288 ad
895 4215 991 4278 deum
1014 4213 1200 4296 Mogontem
1216 4213 1291 4293 (deo
1307 4199 1443 4292 negot
1465 4261 1467 4312 i

297 4325 448 4408 Inscript.
465 4323 623 4404 britann.)
639 4321 738 4386 Orell.
757 4325 852 4397 2026,
870 4329 908 4382 ut
922 4317 1116 4382 Aventicum
1133 4319 1175 4390 11
1189 4319 1282 4382 devsm
1297 4307 1444 4380 Aventino
1464 4319 1467 4372 t

301 4427 497 4509 (Justitiami
509 4428 549 4492 cf.
563 4449 597 4511 p.
609 4431 676 4509 07).
701 4426 766 4490 Sed
781 4445 889 4490 annon
900 4423 998 4487 etism
1009 4422 1069 4486 hoc
1081 4445 1100 4487 a
1111 4423 1221 4498 fluvio,
1236 4432 1273 4486 ut
1284 4417 1443 4485 Avaricum,
