3004 5066
298 365 379 426 1024
424 383 608 428 arennmx.
643 385 808 428 sincrum
825 386 951 430 coniers
966 386 1147 434 mmmmm
1163 389 1334 434 rarscram
1349 391 1395 433 sc.

296 543 374 596 sunt
389 532 457 615 ejus
472 545 595 616 partes:
613 555 742 610 nomen,
761 535 943 618 appellatio,
960 536 1103 612 verbum,
1118 558 1297 618 pronomen
1312 539 1377 602 sire
1390 541 1451 604 arti·

295 639 398 714 culus,
418 639 612 726 conjunctio.
645 641 731 702 Nam
748 639 953 723 participium
967 651 1235 706 connumerantes
1250 645 1355 709 verbis
1369 647 1451 728 porti·

295 742 409 826 cipiale
428 744 560 807 verbum
582 746 737 808 vocabant
758 745 810 808 vel
824 745 961 822 casuale,
978 767 1039 810 nec
1053 767 1119 809 non
1134 747 1232 811 etiam
1246 750 1395 814 adverbia
1406 771 1451 814 no

294 848 435 912 minibus
451 849 502 911 vel
516 849 619 912 verbis
634 851 907 914 connumerabant
921 859 954 913 et
968 850 1060 932 quasi
1075 850 1231 933 adjectiva
1245 856 1411 918 verborum
1423 878 1452 918 ea

295 951 519 1030 nominabant;
544 954 685 1018 articulis
706 965 814 1018 autem
833 956 1023 1038 pronomina
1045 969 1334 1036 connumerantes,
1358 960 1452 1023 finitor

295 1078 332 1120 ea
353 1057 502 1122 articulos
525 1060 741 1143 appellabant,
759 1061 844 1143 ipsos
867 1071 975 1124 autem
994 1061 1157 1137 articulos,
1175 1063 1293 1145 quibus
1308 1085 1370 1128 nos
1382 1086 1453 1128 care

294 1183 378 1238 mus,
390 1160 419 1195 ¹*
440 1162 584 1226 infinitos
606 1164 756 1228 articulos
778 1165 938 1241 dicebant,
955 1165 1017 1242 vel,
1036 1179 1074 1229 ut
1094 1165 1151 1228 alii
1172 1166 1299 1244 dicunt,
1316 1169 1453 1232 articmos

295 1269 568 1330 connumerabant
589 1268 830 1351 pronominibus
851 1280 884 1333 et
906 1269 1087 1334 articularia
1102 1292 1155 1334 eos
1170 1273 1362 1354 pronomina
1376 1295 1453 1338 von·

295 1373 383 1434 bant.
416 1373 457 1434 In
472 1394 535 1454 quo
550 1373 622 1436 illos
637 1374 743 1438 adhuc
758 1374 920 1456 sequimur
935 1373 1075 1452 Latini,¹
1092 1376 1237 1458 quamvis
1252 1375 1454 1461 integros²in

295 1488 404 1540 nostra
418 1499 482 1540 non
499 1477 681 1546 invenimus
697 1479 808 1562 lingua
822 1478 984 1543 articulos.
1013 1481 1099 1544 Nam
1115 1501 1188 1542 cum
1203 1481 1342 1546 dicimus
1354 1479 1453 1559 idem'

295 1577 313 1644 ὁ
336 1574 453 1660 αὐτός,
475 1604 541 1646 ιιοιι
563 1583 668 1646 solum
688 1583 877 1660 articulum,
902 1583 1076 1648 sedetiam
1098 1606 1275 1668 pronomen
1297 1588 1334 1651 in
1356 1590 1453 1652 eaden

294 1687 433 1751 dictione
457 1686 704 1770 significamus.⁴
734 1689 888 1752 Similiter
908 1689 975 1772 qui,
993 1684 1090 1767 ὅςτις,
1107 1691 1263 1754 articulus
1286 1692 1450 1775 subjrmcti·

294 1813 353 1854 vus
375 1791 567 1874 intelligitur
589 1815 653 1856 una
669 1814 743 1856 cum
758 1793 945 1878 pronomine
960 1795 1136 1858 secundum
1151 1797 1310 1878 quosdam
1324 1797 1451 1872 infinito,

295 1897 361 1960 sive
381 1896 483 1979 magis
506 1918 579 1960 cum
599 1897 758 1976 nomine,⁸
780 1910 818 1962 ut
839 1897 1029 1982 Apollonius
1051 1899 1191 1963 ostendit
1211 1901 1395 1966 firmissima
1414 1923 1453 1964 ra-

296 2002 393 2065 tione.
433 2001 704 2085 Praepositionem
740 2025 866 2088 quoque
896 2003 995 2067 Stoici
1020 2003 1241 2086 conjunctioni
1276 2007 1452 2089 copulantes

294 2105 539 2191 praepositivam
567 2107 824 2191 conjunctionem
852 2111 1018 2174 vocabant.
1058 2107 1198 2178 Quidam
1220 2120 1333 2173 autem
1352 2131 1454 2174 novem

295 2211 443 2276 dicebant
466 2233 534 2274 esse
555 2222 660 2294 partes
676 2213 838 2291 orationis,
857 2212 1103 2297 appellationem
1117 2214 1273 2276 addentes
1288 2225 1453 2299 separatam

295 2341 314 2381 a
342 2316 543 2392 nominibus,
568 2317 624 2380 alii
646 2319 754 2382 decem
774 2319 889 2396 etiam,
914 2316 1042 2380 infinita
1061 2319 1156 2382 verba
1176 2340 1324 2382 seorsmn
1344 2331 1453 2404 partem

295 2433 461 2505 ponentes,
486 2421 540 2484 alii
563 2423 723 2500 undecim,
749 2423 825 2506 quia
843 2422 1043 2507 pronomina,
1062 2443 1142 2505 quae
1164 2443 1231 2486 non
1252 2437 1392 2508 possum
1409 2423 1453 2486 ad·

290 2527 387 2612 jungi
405 2526 559 2602 articulis,
575 2549 632 2611 per
647 2549 680 2591 se
694 2531 917 2594 numerabant.
949 2527 1014 2592 His
1029 2527 1085 2590 alii
1100 2527 1263 2593 addebant
1276 2527 1454 2592 vocabulum

296 2641 328 2694 et
339 2631 591 2715 interjectionem
603 2633 689 2715 apud
698 2629 865 2708 Graec0S‚⁰
877 2655 973 2716 quam
983 2653 1042 2696 nos
1055 2632 1159 2696 adhuc
1170 2653 1351 2696 servamus.
1371 2631 1455 2715 Apud

296 2737 430 2800 Latinos
453 2757 526 2799 vero
549 2737 719 2800 articulum
741 2739 910 2815 addebant,
928 2759 1024 2821 quem
1045 2757 1163 2818 purum
1184 2759 1242 2820 per
1264 2759 1299 2800 se
1315 2739 1400 2820 apud
1412 2755 1454 2798 etis

296 2863 361 2906 non
388 2841 525 2904 inveniri
553 2865 649 2926 supra
671 2842 849 2906 docuimus.
888 2842 993 2925 igitur
1014 2841 1192 2906 annaliter
1213 2839 1454 2924 possunt⁷ase

295 2940 453 3008 discerni⁸
472 2957 577 3030 partes
596 2946 759 3022 orationis,
777 2946 839 3010 nisi
854 2945 1106 3029 uniuscujusque
1120 2945 1334 3028 proprietates
1348 2943 1454 3028 signifi·

295 3049 458 3112 cationum
472 3047 703 3114 attendamus.⁰

382 3150 585 3238 Proprium¹⁰
608 3164 656 3217 est
670 3152 849 3230 nominis,¹¹
867 3155 1079 3220 substantiam
1094 3165 1126 3218 et
1141 3152 1334 3236 qualitatem
1347 3150 1455 3236 sigulfi·

294 3279 383 3333 care;
409 3258 469 3322 hoc
484 3259 580 3322 habet
595 3253 726 3322 etiam¹²
742 3259 914 3342 appellatio
928 3271 961 3324 et
977 3259 1177 3324 vocabulum.
1211 3259 1300 3342 Ergo
1315 3258 1390 3322 baec
1404 3253 1456 3318 aa

367 3595 397 3644 ts
416 3609 444 3645 .1.
458 3593 597 3647 nnuma
608 3575 778 3648 attractas

364 3691 432 3763 (26¹2)
472 3697 480 3745 1
506 3713 534 3748 .ι.
555 3698 614 3748 osni
677 3699 740 3748 2.1.
760 3711 872 3764 compos.
894 3699 925 3748 ut
941 3712 985 3764 ap.
1004 3711 1113 3764 praeces
1129 3695 1148 3748 l.
1163 3694 1250 3748 lucro
1268 3691 1455 3748 umenti

293 3778 453 3830 mortar
464 3776 639 3831 mbridberam
651 3779 729 3832 aedili
739 3795 848 3848 spretio.
883 3781 899 3831 3
918 3778 1023 3847 absollm
1034 3779 1104 3832 necle
1114 3781 1174 3831 mdr
1186 3779 1247 3848 tra
1259 3779 1338 3833 artie.
1351 3778 1419 3830 aaut

362 3881 377 3931 l
398 3895 426 3930 .ι.
441 3877 591 3932 arddiatam
627 3883 642 3932 5
662 3899 690 3933 .ι.
705 3879 787 3948 deferr
798 3879 871 3932 aiam
883 3877 915 3932 do
927 3881 1020 3934 mom
1032 3881 1062 3934 de

362 3983 377 4032 6
398 3997 426 4032 .ι.
441 3979 627 4034 indinten'acdt
644 3983 699 4034 ned
709 3999 779 4034 rann
791 3981 861 4034 insse
873 3981 899 4033 la
910 3998 991 4050 procu
1002 3998 1025 4034 t.
1039 3998 1083 4052 ep.
1097 3985 1255 4038 adverbium
1267 3987 1407 4037 amr
1415 3983 1455 4029 ab

208 4069 212 4082 ⁸
291 4081 348 4116 aum
361 4068 387 4116 et
399 4063 447 4128 (i)
459 4064 634 4118 comroims'cb
646 4066 710 4118 inca
720 4083 783 4134 pree
795 4066 910 4118 larnano
923 4064 992 4118 imos
1003 4065 1103 4121 oborto
1114 4087 1215 4122 arana
1228 4067 1299 4121 insse
1310 4065 1395 4118 lolot't.

359 4169 373 4216 7
395 4181 423 4216 .ι.
444 4163 579 4234 dedliputb
605 4172 647 4218 tra
673 4165 951 4219 iamniltot'mddenst'a
969 4166 1129 4236 &depulisti
1145 4169 1183 4238 ip.
1204 4169 1286 4238 paesi
1299 4165 1414 4220 &abac
1430 4165 1455 4213 ε’

288 4247 344 4313 fail
360 4251 391 4300 nt
401 4247 457 4300 redd
468 4248 533 4302 aim
545 4249 759 4319 odlt'petbaosair
771 4250 895 4320 indepard
905 4265 942 4303 aa
954 4252 1147 4306 ocmror'reaecb
1206 4257 1222 4306 8
1242 4272 1271 4306 .ι.
1285 4253 1401 4321 words
1412 4267 1454 4300 u·

291 4333 388 4386 decta
423 4335 438 4384 9
457 4334 532 4386 mani
542 4335 664 4388 dscamm
675 4334 810 4404 aeiasolad
821 4335 902 4388 caedo
913 4333 1009 4390 raiano

362 4437 392 4486 tc
412 4453 440 4486 .ι.
454 4435 590 4488 mainreth
640 4440 665 4488 ll
689 4454 718 4489 .ι.
732 4435 860 4490 indonata
871 4433 933 4488 ditis
981 4439 1011 4489 ta
1031 4454 1061 4490 .ι.
1072 4437 1213 4507 proprium
1227 4455 1257 4492 .ι.
1271 4431 1455 4506 mnndseldd
