3082 5070
263 253 344 314 1144
759 270 930 314 nonnum.

349 422 388 484 P.
407 423 482 497 958,
499 421 522 483 l.
545 429 594 483 10.
626 419 821 484 Assonantia
843 417 951 482 finalis
971 419 1021 482 bis
1043 419 1198 504 copulans
1220 419 1315 484 binas
1334 419 1439 482 lineas

263 525 438 607 (distichon
452 525 532 589 mihi
547 547 621 590 cum
636 525 819 590 assonantia
833 524 1062 608 contraposita)
1078 535 1127 588 cst
1142 524 1237 589 solita
1251 525 1356 588 forma
1370 525 1438 610 epi-

205 714 208 721 ·
263 631 449 716 grammatis
472 630 632 708 combrici,
656 633 742 715 quod
764 630 881 695 dicitur
897 629 1035 712 pennill,
1055 633 1134 694 dum
1155 630 1255 694 trium
1276 631 1438 694 linearum

264 737 460 822 epigramma
480 736 597 800 dicitur
614 737 741 823 enqun.
773 736 876 800 Valde
891 735 1010 800 usitata
1024 746 1102 800 sunt
1115 736 1210 800 hodie
1226 758 1356 820 quoque
1371 737 1437 820 cpi·

264 853 442 927 grammato
470 843 550 906 haec
565 843 746 926 pennillion
768 842 872 918 dicta,
896 863 1019 905 morum
1042 853 1209 925 praecepta
1231 842 1438 926 potissimum

265 947 435 1024 trudentia,
452 947 537 1012 inter
551 949 716 1026 Cambros,
734 969 868 1032 quorum
884 969 952 1011 esse
968 947 1120 1011 dicuntur
1134 947 1277 1031 quidam,
1293 947 1347 1030 qui
1364 969 1439 1011 cen·

265 1065 337 1117 tum
357 1053 479 1137 aliquot
500 1053 673 1138 proferant,
691 1063 822 1117 cantum
844 1052 1080 1116 accuratissime
1103 1053 1227 1117 cithara
1245 1053 1439 1117 comitantes

265 1159 319 1242 (cf.
334 1159 600 1223 sambro-Briton
618 1167 647 1236 1,
664 1166 715 1222 69.
732 1167 783 1236 70,
797 1159 832 1222 in
848 1181 911 1243 quo
925 1159 1005 1224 libro
1020 1159 1055 1222 in
1070 1159 1216 1243 pluribus
1231 1159 1310 1222 locis
1327 1180 1441 1222 eorum

265 1265 371 1330 multa
390 1265 524 1330 collecto
544 1263 779 1347 inveniuntur).
811 1265 931 1329 Lineac
946 1266 997 1328 vel
1011 1266 1153 1328 membra
1168 1264 1291 1328 octonis
1306 1264 1441 1348 syllabis

266 1381 427 1448 constant,
443 1369 545 1436 rarius
566 1371 672 1448 nonis,
690 1393 718 1435 e.
736 1392 784 1456 gr.
802 1371 837 1433 in
858 1370 930 1448 hoc,
948 1370 1041 1454 cujus
1063 1370 1223 1436 sententia
1237 1379 1351 1434 contra
1366 1370 1440 1434 soli·

266 1489 337 1541 tum
357 1496 452 1540 usum
474 1475 571 1540 etiam
590 1475 625 1539 in
647 1477 788 1540 secundo
809 1476 946 1540 disticho
961 1476 1169 1541 continuatur
1184 1475 1438 1559 (cambio-Brit.

265 1605 298 1667 p.
318 1584 391 1665 29):

301 1739 374 1818 Dyn
388 1759 406 1796 a
417 1759 491 1816 qam
502 1740 598 1816 qnotls
613 1758 632 1797 o
647 1740 753 1817 thetys,
775 1735 785 1821 ΙΙ
801 1741 866 1799 sain
881 1740 1077 1818 cynqhansdd,
1096 1743 1150 1798 cau
1164 1759 1201 1815 aq
1216 1741 1335 1816 enylyn,

303 1862 322 1900 a
333 1861 391 1918 yar
402 1862 424 1919 y
432 1841 543 1916 psthac
556 1861 651 1919 mwya
667 1840 764 1913 lirion,
785 1836 797 1922 [l
812 1843 877 1920 sy'n
889 1864 911 1920 y
925 1845 981 1920 nes
987 1841 1127 1919 y'mhtitt
1141 1841 1292 1918 asryylion.

307 1943 337 2001 Y
333 1965 349 2002 r
363 1945 402 2001 clo
416 1942 451 2000 m'
464 1943 550 2000 choro
566 1944 622 2001 don
636 1963 655 1999 a
670 1943 803 2014 chaniad,
823 1938 834 2024 ΙΙ
850 1943 884 2001 m'
898 1943 979 2001 chair
991 1943 1089 2018 ynddo
1103 1963 1182 2001 nasos
1197 1963 1213 2000 o
1226 1942 1347 2018 qariad,

294 2047 333 2120 fo
346 2044 427 2102 welir
441 2044 516 2116 leton,
537 2053 583 2102 tro
598 2044 689 2121 byddo
705 2044 778 2122 lyco,
799 2039 810 2126 ΙΙ
824 2066 866 2122 yn
877 2049 932 2120 96³
944 2065 1004 2121 yon
1019 2045 1108 2121 ddyn,
1127 2064 1146 2100 a
1161 2044 1230 2101 clodo
1241 2065 1304 2120 yon
1318 2045 1417 2102 ddum

264 2184 388 2254 “Homo
410 2196 462 2272 qui
483 2203 561 2254 amat
582 2201 705 2255 crottam
724 2203 755 2254 st
773 2198 904 2273 harpam,
931 2217 1036 2256 sonum
1056 2197 1251 2266 assonantiae,
1270 2201 1393 2254 cantum
1413 2205 1443 2254 et

1015 2299 1227 2374 ‚epigramm

270 2407 349 2458 amat
362 2419 409 2458 res
424 2400 550 2458 maxime
565 2399 715 2469 amabiles,
735 2419 811 2475 quos
826 2400 941 2458 suntin
956 2401 1037 2458 coelo
1051 2401 1083 2457 in
1097 2400 1194 2457 medio
1208 2399 1395 2476 angelorum.

269 2504 301 2560 Is
323 2501 405 2561 solus
427 2503 479 2578 qui
500 2521 561 2560 non
583 2509 661 2560 amat
675 2509 779 2560 tonum
794 2508 824 2559 et
839 2507 1023 2573 concentum,
1041 2521 1102 2559 non
1116 2509 1195 2558 amat
1208 2502 1241 2560 in
1256 2521 1290 2560 se
1305 2503 1444 2560 virtutem

1104 2603 1230 2674 amoris;

270 2705 419 2763 videbitur
439 2705 496 2776 hic,
513 2705 657 2781 quamdiu
678 2704 767 2762 fuerit
789 2704 883 2773 vivus,
902 2701 933 2760 in
948 2703 1016 2760 odio
1031 2723 1098 2761 cum
1112 2704 1232 2762 homine
1248 2711 1280 2762 ct
1295 2705 1365 2763 odio
1380 2725 1445 2764 cum

1142 2791 1233 2863 dem),
