3082 5070
302 310 384 372 1072
484 328 668 372 sarnuonr.
702 327 867 372 senorunu
885 329 1010 374 conrors
1028 327 1206 374 arsamus
1222 330 1271 372 ca.

297 493 394 557 retur,
413 489 602 563 argumento
624 477 763 542 siderum
786 479 937 555 nitentes,
955 499 1037 562 quae
1058 480 1123 541 fixo
1145 500 1269 563 semper
1289 501 1375 543 cursu
1394 479 1438 544 rir-

297 586 493 661 eumvolant,
509 583 810 668 septentrionalibus
825 585 982 649 breviores
997 580 1112 668 gyros²
1127 585 1210 648 circa
1224 585 1374 649 cardinem
1386 608 1438 668 per-

298 693 478 778 agentibus.
521 690 623 774 Cujus
647 691 778 754 vertices
802 701 977 767 extremos,
1002 713 1082 774 quos
1104 687 1208 754 circa⁸
1234 692 1359 775 sphaera
1378 693 1439 756 coeli

299 799 447 874 volvitur,
466 797 555 881 polos
571 807 771 880 nupcupant,
794 795 922 880 glaciali
936 797 1039 880 rigore
1054 799 1210 861 tabentes.
1241 801 1360 861 Horum
1373 819 1438 860 uuus

298 906 338 968 ad
359 902 644 987 septentrionalem
666 902 794 985 plagam
816 923 1011 986 consurgens
1033 904 1154 979 boreas,
1173 903 1254 967 alter
1275 905 1398 967 devexus
1414 904 1441 966 in

297 1022 422 1074 austros
436 1020 599 1091 terraeque
611 1007 775 1092 oppositus
787 1009 936 1072 australis
948 1021 1089 1086 vocatur,
1102 1031 1197 1092 quem
1209 1008 1353 1072 interiora
1362 1008 1440 1071 austri

298 1117 457 1200 scriptura
471 1122 582 1178 sancta
596 1113 752 1178 nominat.

384 1223 464 1304 Cap.
482 1221 543 1282 Vl.
578 1221 629 1283 De
643 1220 730 1284 varia
745 1220 915 1284 altitudine
930 1221 1022 1284 coeli.
1054 1221 1131 1284 Non
1147 1232 1256 1284 autem
1272 1221 1312 1284 ita
1327 1221 1440 1284 mundus

299 1327 359 1390 hoc
380 1325 454 1410 polo
477 1325 646 1389 excelsiore
662 1349 695 1390 se
710 1326 840 1403 attollit,
858 1337 896 1390 ut
915 1327 1058 1409 undique
1073 1339 1246 1390 cernantur
1261 1327 1336 1390 haec
1348 1326 1438 1388 sidem.

298 1434 421 1496 Verum
436 1432 546 1494 eadem
561 1429 762 1515 quibusque*
777 1433 930 1516 proximis
946 1431 1132 1495 sublimiora
1146 1434 1329 1508 creduntur,
1342 1431 1439 1494 eadem·

299 1560 361 1622 que
383 1533 546 1600 demersa*⁵
568 1537 772 1620 longinquis3
795 1549 895 1621 utque
910 1559 998 1600 nunc
1014 1537 1160 1600 subliinis
1176 1537 1211 1600 in
1227 1533 1360 1622 dejectu⁸
1377 1535 1439 1619 posi·

300 1642 360 1708 tie⁷
380 1643 505 1707 videtur
521 1641 572 1705 bic
588 1653 707 1720 vertex,
726 1643 770 1706 sic
786 1644 892 1706 inille
908 1655 1007 1706 terrae
1023 1639 1225 1708 devexitate⁸
1248 1637 1440 1727 transgressis'

299 1750 355 1813 illa
370 1771 403 1812 se
418 1747 581 1824 attollunt,
600 1748 813 1814 residentibus
829 1771 909 1834 quae
924 1748 978 1812 hic
993 1749 1273 1826 excelsafirerant,
1290 1759 1439 1834 opponente

299 1878 333 1919 se
354 1866 465 1919 contra
486 1855 607 1918 medios
628 1855 715 1918 visus
737 1856 833 1938 globo
856 1866 1011 1919 terrarum
1026 1851 1147 1934 adeo,¹⁰
1170 1866 1207 1920 ut
1224 1855 1436 1940 septentriones,
1497 1879 1499 1908 s

298 1984 380 2046 quae
402 1959 494 2024 nobis
515 1982 534 2022 a
556 1961 671 2024 vertice
689 1963 842 2046 pendent,
860 1962 894 2024 in
909 1962 1100 2046 quibusdam
1116 1963 1230 2026 Indiae
1246 1963 1321 2026 locis
1336 1959 1437 2045 quinde
1498 2009 1499 2014 ,

298 2069 362 2131 cim
378 2077 504 2130 tantum
520 2065 554 2130 in
569 2088 655 2130 anno
671 2067 782 2131 diebus
798 2065 1012 2152 appareant.¹¹

385 2176 464 2258 Cap.
483 2173 563 2236 VII.
607 2174 657 2236 De
682 2173 770 2237 coelo
795 2173 967 2256 superiore.
1010 2174 1144 2238 Coelum
1166 2172 1336 2256 superioris
1355 2167 1438 2234 drculi

298 2281 426 2364 proprio
447 2262 619 2342 discretum
641 2279 775 2344 termino
796 2289 829 2342 et
849 2279 1034 2362 aequalibus
1052 2279 1194 2363 undique
1209 2279 1321 2364 spatiis
1335 2277 1437 2340 colloce-

300 2399 371 2450 tum
391 2385 524 2448 virtutes
547 2384 690 2448 continet
710 2385 882 2468 angelicas,
900 2405 981 2468 quae
1003 2387 1043 2448 ad
1064 2407 1123 2449 nos
1146 2399 1302 2448 exeuntes
1323 2382 1438 2446 aetherea

298 2492 361 2556 sibi
380 2513 510 2574 corpora
532 2501 675 2568 sumunt,
694 2500 731 2554 ut
745 2490 870 2575 possint
885 2489 1068 2555 hominibus
1083 2491 1180 2554 etiam
1195 2491 1232 2555 in
1248 2492 1363 2556 edendo
1374 2485 1438 2566 siui-

299 2597 369 2674 lari,
388 2598 562 2679 eademque
585 2596 630 2660 ibi
644 2617 785 2660 reversae
801 2593 1009 2681 deponunt.¹²
1039 2599 1112 2661 Hoc
1127 2599 1206 2660 dens
1223 2598 1314 2682 aquis
1328 2591 1439 2680 glaciali·

298 2706 359 2767 bus
384 2702 581 2785 temperavit,
599 2723 640 2766 ne
662 2701 811 2765 inferiora
827 2703 1032 2766 succenderet
1046 2703 1214 2766 elementa.
1249 2703 1368 2766 Dehinc
1380 2696 1439 2762 inse

299 2809 366 2873 rius
389 2807 513 2872 coelum
535 2830 600 2871 non
620 2808 857 2884 uniformised
876 2809 1047 2893 multiplici
1068 2820 1157 2872 motu
1173 2801 1359 2884 solidavit,¹⁸
1376 2825 1438 2868 nun·

297 2937 420 2998 cupans
450 2913 531 2977 illud
559 2913 798 2976 firmamentum
825 2926 954 2997 propter
979 2915 1246 2979 sustentationem
1272 2911 1438 2997 superiorum

298 3023 465 3104 aquarum.

385 3127 465 3210 Cap.
484 3125 568 3189 XII.
608 3125 658 3188 De
680 3147 775 3188 cursu
796 3125 1009 3209 planetarum.
1051 3127 1141 3190 lnter
1163 3127 1289 3190 coelum
1309 3137 1438 3203 terrisque

298 3243 421 3318 septem
441 3233 544 3296 sidera
564 3231 716 3315 pendent,
735 3231 828 3294 certis
844 3231 979 3296 discreta
994 3231 1131 3316 spatiis‚¹
1154 3255 1237 3316 quae
1253 3241 1392 3296 vocantur
1403 3247 1437 3286 tr·

302 3425 419 3434 --.--.-..
433 3429 466 3434 η-
486 3428 509 3434 .-

368 3570 383 3622 2
402 3585 468 3622 curu
503 3571 518 3621 3
537 3567 684 3624 isinuur'dib

366 3658 382 3706 4
399 3653 460 3706 &m
508 3658 523 3707 5
540 3655 587 3708 isli
632 3659 647 3710 6
664 3655 759 3710 intrim
799 3661 812 3709 7
833 3673 861 3711 .1.
877 3655 1025 3714 lmainibue
1067 3661 1082 3712 8
1101 3655 1218 3712 undula·
1257 3661 1272 3713 9
1291 3651 1436 3710 tarnum

299 3738 404 3808 usqae
446 3743 476 3794 10
496 3741 549 3794 balal
560 3743 613 3794 mdt
624 3741 774 3812 aemiliptlte
782 3737 878 3812 ¹plotus
892 3750 978 3798 terrm
1021 3749 1048 3796 ll
1068 3744 1195 3798 isomlot'd
1205 3747 1246 3798 em
1258 3729 1435 3796 eouuwdrl

297 3824 470 3878 residentibus
489 3844 517 3879 .1.
537 3826 666 3880 οίᾰονὶῠω
686 3845 713 3880 .ι.
733 3828 894 3883 ondusleicet
911 3829 975 3882 iana
993 3829 1057 3882 ried
1075 3847 1103 3882 .1.
1124 3817 1436 3884 subsaltaverunt*

289 3907 400 3976 seeltsa
413 3909 508 3964 uenali
518 3916 614 3980 raptor
625 3913 710 3966 arddo
722 3893 825 3966 daunai

370 3997 399 4047 12
422 4013 450 4049 .1.
463 3995 579 4065 sedebat
591 4013 619 4050 .1.
634 3999 735 4052 eaelum
773 4003 801 4052 13
817 4000 855 4071 (in
868 4001 965 4071 marg.)
981 3999 1021 4054 ise
1030 3997 1168 4070 mrtlbplea
1179 4005 1266 4052 motat
1278 3993 1370 4050 inritati
1381 3993 1434 4044 tell!

297 4077 362 4132 inno
374 4079 561 4136 abadretltolto
574 4083 602 4135 in
613 4085 777 4138 corbariam
790 4091 883 4139 watra
895 4088 947 4138 adl
961 4085 1067 4139 orriutlt
1080 4083 1294 4154 aicmtafedosie

368 4165 434 4236 (18⁰)
469 4169 477 4218 l
496 4165 533 4236 (in
547 4167 645 4238 marg.)
660 4168 717 4221 liet
726 4170 814 4239 spolio
826 4171 969 4238 narreeft'l
979 4172 996 4223 cl
1010 4176 1082 4224 leno
1093 4187 1175 4240 usque
1186 4171 1221 4224 ad
1232 4169 1307 4223 XII.
1319 4163 1384 4235 ἄρηα
1395 4157 1434 4210 llll

296 4251 363 4304 soni.
379 4251 442 4304 torri.
457 4252 577 4304 contione
589 4253 624 4305 rl.
640 4252 696 4306 lu'te'
710 4254 854 4307 interualla
867 4255 913 4307 irre.
927 4255 1088 4324 defecatius
1102 4260 1115 4308 7
1129 4255 1244 4325 ar'tr'opat
1255 4249 1338 4306 reda
1345 4245 1395 4301 ml
1404 4257 1434 4293 ὓ

298 4335 371 4388 terim
389 4354 452 4388 suas
467 4341 497 4387 ut
509 4337 613 4406 pls'm'm
630 4337 695 4390 dicit
706 4339 740 4391 rl.
751 4339 838 4408 plinio
851 4345 978 4410 toauapst
989 4341 1105 4410 spatium
1117 4357 1176 4392 eum
1189 4339 1304 4410 tepiditas
1315 4328 1433 4406 quaesti*

296 4419 374 4472 certis
389 4420 483 4489 spatie
497 4439 525 4474 .1.
541 4426 617 4474 tonsu
635 4422 704 4476 inter
723 4429 820 4478 braum
836 4429 848 4476 l
863 4426 953 4478 lunam
965 4425 999 4478 rl.
1014 4425 1097 4478 escen
1110 4423 1232 4478 motat
1242 4421 1312 4476 edit
1323 4437 1363 4475 rex
1372 4415 1433 4468 inl&
