2978 5054
272 312 336 376 952
480 313 540 378 VI.
560 319 591 376 2.
621 333 847 378 conmanerm
862 333 1001 378 roanos
1016 333 1232 379 nnrrsnnron.

361 488 444 546 Prior
459 487 578 564 sanguis
593 488 699 547 insola
714 509 803 565 quam
817 490 888 548 unio
902 463 1088 567 nuptiantm:

360 590 439 667 prior
453 609 604 650 corvorum
619 591 701 650 cibus
717 609 806 666 quam
821 591 948 651 familiae
963 593 1155 652 consuetudo.

364 695 457 751 Carus
472 692 569 750 socius
586 693 690 752 Oweni
704 686 820 770 periens
835 694 939 753 cecidit
954 696 1009 754 sub
1024 713 1136 764 corvos,

363 813 464 852 cursor
477 813 530 870 per
544 795 671 872 amplam
685 803 791 854 terram
806 791 943 854 occubuit
957 795 1061 856 unicus
1075 797 1153 855 iilius
1170 781 1344 854 Marconis.”

336 924 339 933 ’
364 927 450 991 Sunt
479 927 621 992 membra
650 925 792 1011 quinque
817 928 1023 1012 syllabarum.
1067 926 1169 991 Periit
1193 926 1347 990 interdum
1369 937 1421 988 tan

277 1044 383 1097 rectus
411 1031 604 1118 syllabarum
626 1053 778 1098 numerus
800 1053 897 1116 quam
917 1031 1102 1096 assonantia
1119 1031 1253 1096 initialis
1272 1031 1418 1096 recendon

277 1137 504 1223 orthographia
525 1148 558 1200 et
580 1136 763 1215 infectione,
780 1138 960 1203 restituitur
982 1159 1057 1222 ergo
1077 1139 1226 1202 restituta
1247 1137 1345 1222 prisca
1363 1132 1418 1198 sui·

276 1245 397 1331 ptione,
415 1267 443 1308 e.
460 1267 509 1329 gr.
526 1265 679 1308 numerus
700 1243 842 1328 quinque
862 1243 1056 1330 syllabarum
1076 1242 1111 1306 in
1125 1243 1205 1308 accit
1217 1243 1332 1308 soalon
1346 1243 1418 1314 tto,

276 1374 334 1437 pro
355 1361 479 1416 mutato
500 1350 536 1415 in
555 1351 689 1415 fonnem
710 1361 870 1414 recentem
889 1358 1007 1436 yspuyt
1022 1350 1142 1435 ysposn
1157 1349 1283 1435 llydou,
1300 1350 1348 1413 ubi
1360 1357 1420 1410 sunt

277 1481 334 1523 sex
355 1459 506 1544 syllabae,
525 1455 669 1540 quamvis
689 1455 725 1520 in
738 1456 858 1544 ysqasn
873 1454 955 1519 desit
970 1455 1086 1518 vocalis
1102 1455 1332 1520 terminationis
1337 1479 1345 1531 ;
1360 1453 1420 1516 item

277 1565 305 1629 si
319 1564 437 1649 legitur
451 1565 516 1628 dan
531 1583 589 1648 pro
602 1563 701 1649 ydus,
720 1561 754 1626 ia
769 1560 800 1625 ir
810 1561 915 1646 pabro
929 1582 987 1648 pro
1000 1583 1054 1648 ψη
1063 1582 1178 1644 porro.
1209 1563 1252 1626 Et
1266 1560 1342 1626 redit
1354 1579 1420 1624 asc

277 1669 389 1735 nantia
403 1667 536 1732 initialis
551 1667 586 1731 in
600 1667 669 1732 his:

494 1809 591 1895 {puell
607 1812 612 1890 Ι
628 1834 737 1890 punam
752 1815 816 1872 aeti
830 1809 840 1896 ΙΙ
857 1833 892 1872 or
910 1815 915 1891 Ι
931 1824 1025 1890 pacat
1040 1815 1155 1873 amoti.

494 1915 573 1998 {ciat
586 1917 614 1974 ir
625 1924 713 1993 punct
727 1915 740 1972 ἱ
754 1917 819 1974 laur
835 1911 845 1998 ΙΙ
861 1938 897 1974 no
917 1917 922 1994 Ι
941 1917 982 1975 cit
996 1916 1023 1975 ir
1037 1916 1192 1976 anthiaur.

365 2048 521 2133 Majorern
543 2057 617 2111 ante
637 2047 767 2112 laudato
787 2048 916 2112 heroem
935 2049 1098 2112 celebrans
1118 2047 1270 2132 deinceps
1285 2051 1371 2131 poeta
1381 2063 1424 2128 per

279 2163 416 2238 quatuor
431 2154 576 2236 strophas
592 2152 778 2237 ampliorem
792 2155 889 2219 etiam
903 2153 1098 2238 syllabarum
1111 2175 1285 2218 numerum
1300 2152 1333 2216 in
1346 2171 1424 2215 men-

279 2259 345 2324 bris
371 2259 506 2343 singulis
535 2260 666 2342 adoptat
685 2271 719 2322 et
738 2260 889 2344 majorem
912 2259 1066 2324 sermonis
1087 2269 1247 2322 ornatum.
1287 2259 1425 2340 Frequens

279 2365 366 2428 enim
393 2377 442 2428 est
469 2375 593 2449 praeter
621 2365 837 2429 assonantiam
859 2365 988 2428 finalem
1009 2364 1231 2428 continuatam
1252 2363 1347 2428 etiam
1365 2361 1424 2424 late

278 2471 353 2534 ralis
374 2471 408 2534 in
432 2472 542 2534 codem
564 2471 723 2548 membro,
749 2469 911 2534 interdum
931 2469 966 2534 in
988 2469 1089 2534 tribus
1115 2470 1246 2534 vocibus
1267 2469 1372 2544 obvia,
1390 2464 1425 2528 di·

278 2599 368 2642 versa
388 2599 408 2640 a
425 2575 607 2661 copulativa
627 2575 814 2640 continuata
834 2576 994 2640 carminis.
1033 2575 1198 2660 Cujusque
1218 2574 1352 2638 membri
1368 2579 1426 2636 sunt
1450 2557 1457 2578 '

279 2705 394 2748 novem
409 2683 549 2768 syllabae
564 2681 776 2746 communiter
784 2706 793 2758 ς
811 2681 838 2745 si
853 2703 919 2745 non
934 2681 1058 2746 obtinet
1068 2681 1096 2745 is
1107 2703 1274 2758 numerus,
1289 2677 1427 2764 quaeritur

278 2813 358 2855 num
380 2811 475 2853 causa
490 2788 532 2852 sit
545 2787 703 2874 recentior
718 2785 946 2872 transscriptio,
968 2809 1010 2852 an
1026 2787 1102 2852 haec
1119 2797 1210 2852 tanta
1225 2784 1374 2850 sermonis
1385 2802 1426 2845 ne

278 2896 407 2961 cessitas
421 2905 453 2958 et
465 2903 641 2958 structurae
653 2893 837 2958 difficultas.
863 2894 1010 2958 Produoo
1021 2894 1061 2956 ob
1072 2891 1225 2977 maJorem
1236 2893 1427 2958 membrorum

279 3001 523 3086 amplitudinem
538 2999 573 3064 in
585 3000 696 3064 eadem
707 2997 925 3083 dispositione,
939 3019 1020 3084 quae
1031 3010 1080 3064 est
1091 2999 1125 3063 in
1137 2997 1290 3074 editione,
1305 2993 1428 3080 strophas

279 3107 399 3194 priores
414 3109 505 3170 duas.
608 3143 609 3148 κ

495 3245 500 3330 Ι
516 3247 635 3306 anawc
655 3241 659 3326 Ι
679 3246 846 3324 cynhoiawc
861 3265 958 3322 meny
978 3239 982 3326 Ι
1002 3245 1084 3303 dahel

495 3347 498 3431 Ι
512 3351 624 3426 dardan
637 3348 753 3426 ymlum
770 3347 828 3404 bun
842 3347 926 3405 medd
939 3367 957 3403 a
977 3342 981 3426 Ι
1001 3347 1108 3405 dallei.

496 3446 614 3532 ΙΤωῑΖΙ
634 3445 1056 3528 talilrodoaorynyclpwei

494 3574 549 3612 our
562 3553 596 3612 ni
614 3548 618 3635 Ι
637 3551 737 3610 roddct‘
749 3552 830 3610 saud
842 3549 931 3608 meiat
945 3549 1055 3628 dilyaei

493 3677 532 3734 ny
548 3654 646 3713 chilim·
659 3675 675 3711 o
688 3653 842 3730 qomhawn
855 3673 931 3730 yoy
946 3651 1022 3710 aerei

493 3765 566 3816 woet
578 3757 642 3814 naal
655 3755 753 3832 drwyn
772 3754 777 3831 Ι
794 3753 934 3833 pompaei
950 3749 955 3834 Ι
972 3775 1057 3832 propr
1070 3761 1125 3830 ayt
1138 3753 1225 3812 elisei.

495 3861 562 3938 Nys
577 3857 717 3915 odrawdd
734 3855 867 3916 Gododin
882 3876 916 3913 ar
932 3855 1002 3912 lawr
1020 3853 1026 3932 Ι
1045 3855 1163 3913 Mordei

494 3982 543 4020 roc
551 3955 677 4038 pedylll
696 3960 834 4018 Madawc
842 3977 906 4033 pon
921 3956 1027 4014 ateorei

493 4083 600 4142 campa
615 4083 655 4120 ua
670 4083 685 4119 o
698 4068 772 4138 pant
783 4080 825 4138 yn
838 4081 859 4136 y
874 4059 958 4117 delei.

494 4207 499 4289 Ι
516 4209 633 4267 Coeawc
652 4203 657 4288 Ι
677 4207 832 4284 cynnyviat
852 4201 856 4288 Ι
876 4205 971 4283 cvaat
985 4211 1074 4279 erwyt

447 4393 449 4398 Ι
492 4311 593 4386 rsthyr
607 4330 669 4386 eryr
682 4330 723 4388 yn
736 4331 757 4388 y
771 4304 828 4389 {lyr
837 4329 900 4383 poa
919 4306 925 4382 Ι
946 4305 1081 4381 litttwyt.

496 4413 526 4473 Y
535 4421 614 4470 omot
629 4432 647 4469 a
662 4433 699 4470 ou
713 4419 764 4469 not
780 4432 797 4468 a
814 4405 943 4488 lqarwyt
