3056 5048
306 403 366 467 IV.
388 405 417 464 2.
454 421 736 468 rmnrosirrorss
753 421 989 466 narrlnmcan.
1171 403 1234 466 625

74 595 103 636 aa
121 573 170 636 dle
192 573 296 658 01111]ἱ
301 575 363 658 soz
385 595 484 660 onny
500 574 608 656 (debet
627 595 694 638 esse
709 573 788 636 fides
803 573 842 635 de
857 594 905 650 ea,
923 575 1001 636 fides
1017 573 1096 656 ejus,
1114 573 1231 656 crucis)

77 687 138 756 154,
157 687 209 742 21.
231 701 363 763 preomp
384 703 427 743 an
440 679 604 764 quinam
619 679 711 743 anesi
726 679 891 759 (faciamus
908 679 1072 741 veritatem
1088 679 1168 762 ejus,
1187 681 1230 743 le-

72 785 126 868 gis)
143 793 214 862 156,
235 791 288 848 23.
321 787 372 850 Ex
391 785 545 849 hodierna
566 785 678 869 lingua
698 797 926 849 enumerantur
948 784 1092 868 exempla
1113 786 1230 850 formae

73 891 172 974 prioris
184 892 385 955 consociatae
395 893 436 955 ad
447 892 694 975 significandum
709 899 779 954 1.et
791 895 820 953 2.
831 913 928 974 pers,
939 889 1068 954 alterius
1079 893 1120 954 ad
1131 891 1229 974 signi·

72 997 223 1061 ficandum
241 1005 272 1060 3.
289 1019 442 1081 personae
455 997 635 1082 genitivum
650 1021 701 1082 ap.
720 997 873 1060 Dumoul.
893 999 938 1080 (p.
959 1004 1011 1059 40.
1031 1000 1102 1079 11):
1124 996 1229 1060 adho-

71 1123 149 1166 aomc
163 1103 270 1184 (mei),
285 1102 469 1186 ac’tanomp
481 1103 621 1186 (nostri),
636 1102 783 1166 ac'ltanot
793 1102 882 1186 (tui),
897 1101 1078 1166 oc'hanoc’h
1090 1103 1225 1185 (vestri),

71 1229 156 1272 onera
169 1208 267 1292 (ejus,
275 1208 374 1285 illius,
383 1211 509 1291 masc),
521 1209 614 1272 oaesi
623 1208 718 1292 (ejus,
727 1208 831 1288 fem),
841 1230 937 1270 onezo
947 1210 1081 1288 (eorum,
1090 1212 1225 1290 earum).

70 1313 200 1398 Epriori
216 1315 318 1378 forma
332 1313 410 1377 item
425 1315 551 1378 adverb.
570 1313 694 1378 chonen
711 1313 852 1395 (abhinc,
872 1335 910 1378 ex
926 1313 985 1376 hoo
1000 1313 1095 1397 loco),
1110 1316 1149 1377 de
1164 1336 1227 1400 quo

69 1440 153 1503 supra
169 1423 219 1503 (p.
239 1423 328 1502 571).

143 1528 193 1590 Ex
221 1525 366 1608 ejusdem
392 1523 633 1610 praepositionis
659 1525 760 1589 forma
784 1525 926 1609 pleniore
954 1527 997 1590 od
1021 1527 1074 1607 (cf.
1099 1526 1223 1590 hibern.

67 1634 208 1696 11111111
225 1654 259 1716 p.
280 1637 356 1712 589)
371 1631 514 1694 residuae
535 1631 684 1694 videntur
704 1631 874 1696 armoricae
890 1633 985 1696 EUX
1001 1644 1033 1694 et
1048 1631 1116 1710 OZ,
1135 1633 1224 1697 OUZ

66 1740 153 1821 (quae
167 1738 378 1802 discernenda
392 1747 441 1800 est
454 1738 494 1800 ab
509 1737 592 1800 infra
606 1747 758 1820 sequente
772 1760 818 1812 oz,
838 1760 895 1800 ouz
909 1771 953 1791 =
968 1739 1085 1802 cambr.
1100 1739 1222 1822 purth3
1326 1823 1329 1830 Δ

65 1843 215 1926 siquidem
229 1865 296 1906 non
312 1841 496 1926 accipienda
510 1863 566 1924 pro
583 1841 663 1918 dior,
681 1841 772 1905 dicar
786 1874 830 1896 ==
845 1847 962 1908 cambr.
978 1843 1109 1930 ywrth),
1128 1843 1226 1928 signi·

65 1949 218 2032 licantque
240 1949 338 2011 etiam
360 1948 395 2010 in
410 1947 565 2010 hodierna
579 1947 690 2030 lingua
705 1969 742 2012 us
758 1949 926 2026 Dumoul.,
944 1954 1000 2012 aaz
1015 1951 1092 2033 Leg.
1109 1950 1224 2034 geniti·

65 2075 144 2118 vum.
178 2055 335 2138 Exempla
357 2053 494 2116 eBuh.:
520 2075 580 2116 erac
601 2075 644 2116 oo
666 2053 720 2116 ὀνο
743 2075 817 2118 maa
833 2059 886 2136 (ex
909 2055 968 2118 hac
983 2055 1124 2140 regione)
1142 2064 1171 2134 6,
1192 2066 1221 2120 5.

63 2181 127 2223 nem
151 2161 204 2223 boe
225 2167 318 2224 aetra
338 2182 398 2222 eata
420 2182 436 2221 c
455 2160 571 2222 modou
586 2161 666 2240 (non
686 2159 748 2222 fuit
767 2159 846 2222 mihi
865 2159 985 2243 aliquid
1001 2161 1124 2225 ebonis
1141 2163 1220 2246 ejus,

64 2265 212 2328 bonorum
232 2265 318 2348 ejus)
337 2272 408 2341 170,
428 2271 458 2327 3.
483 2263 547 2328 mir
566 2287 601 2327 oz
618 2265 730 2348 pocket
745 2268 849 2347 (serva
870 2269 1060 2350 apeccato),
1079 2267 1174 2332 miret
1188 2293 1223 2332 oa

64 2393 101 2432 oa
108 2371 272 2454 pechedou
283 2373 423 2451 (servare
438 2393 457 2433 a
471 2369 622 2453 peccatis)
634 2371 677 2454 sq.
695 2392 748 2434 mc
763 2371 827 2434 mir
841 2393 898 2434 oua
911 2372 1044 2454 1111190ον
1055 2372 1098 2436 lto
1109 2395 1221 2460 courcy

62 2477 160 2556 (serva
173 2497 225 2538 me
240 2497 259 2539 a
274 2475 427 2559 languore
442 2485 475 2540 et
488 2479 577 2559 cura)
595 2483 647 2554 90,
670 2483 718 2539 17.

143 2584 218 2645 Post
238 2603 300 2644 ecca
321 2581 446 2664 saepius
468 2583 611 2666 sequitur
633 2581 769 2665 amplius
791 2601 899 2664 praep.
917 2603 957 2644 a:
980 2605 1040 2646 eac
1055 2607 1076 2647 a
1091 2586 1174 2650 breis
1190 2590 1221 2669 <e

63 2687 236 2767 Britannia)
254 2685 340 2749 Buh.
361 2693 390 2762 8,
412 2693 461 2749 16.
487 2709 521 2750 eo
539 2687 630 2772 qcall
650 2709 753 2770 compa
775 2693 884 2771 sotony
901 2709 961 2750 eux
976 2711 997 2750 a
1011 2689 1148 2774 1111111111
1159 2696 1233 2773 (est.

62 2792 174 2854 malum
194 2793 299 2854 dicere
321 2791 438 2856 falsum
454 2793 494 2854 de
509 2793 570 2874 R.)
588 2798 659 2870 166,
679 2797 730 2856 20.
756 2813 816 2855 cccc
830 2814 851 2854 a
867 2793 947 2856 dour
961 2791 1045 2858 esim
1059 2796 1222 2882 dffoornia

62 2897 146 2972 (sunt
158 2919 241 2980 aqua
255 2897 386 2980 privati)
404 2903 476 2975 190,
496 2901 546 2960 27.

139 3002 232 3066 GUO
255 3001 394 3083 (hibern.
416 3005 478 3089 fo,
504 3005 597 3085 sub),
621 3003 769 3088 frequens
792 3003 896 3066 adhuc
918 3003 953 3066 in
979 3004 1216 3088 compositione,

62 3107 221 3189 separatim
243 3107 298 3171 vix
319 3109 464 3186 occurrit,
483 3131 556 3174 cum
578 3109 645 3192 ejus
666 3110 770 3172 locum
793 3107 993 3191 occupaverit
1013 3129 1121 3193 praep.
1139 3113 1216 3176 dan.

64 3210 245 3296 Exemplum
265 3214 458 3278 cambricum
478 3215 635 3278 vetustius
655 3212 898 3298 praepositionis
914 3226 1074 3297 separatae
1089 3215 1124 3278 in
1138 3217 1218 3281 libro

62 3315 194 3382 landav.
218 3341 253 3402 p.
275 3326 333 3382 119
357 3320 392 3382 in
414 3319 624 3404 descriptione
651 3317 783 3394 finium,
809 3339 890 3400 quae
919 3317 1048 3402 incipit:
1075 3343 1111 3384 or
1133 3332 1220 3405 pont

61 3425 167 3506 amas
181 3424 295 3487 dilicot
311 3425 453 3508 pemani
473 3436 533 3489 etc.
551 3430 585 3506 (a
606 3423 762 3500 faucibus,
786 3423 946 3500 vallicula,
971 3427 1116 3508 proxima
1136 3429 1216 3493 fonti

61 3523 114 3600 G„
129 3527 225 3606 fluvii,
247 3577 254 3590 .
276 3577 283 3590 .
305 3533 347 3611 .),
366 3541 399 3593 et
423 3530 513 3594 finit:
540 3529 699 3615 quartani
718 3527 802 3592 1111111
822 3549 948 3591 sursum
969 3529 1121 3614 1111111111
1140 3557 1217 3617 quo-

60 3628 150 3694 eiueir
168 3633 270 3716 cpont,
289 3633 345 3696 ubi
363 3634 481 3717 incepit
491 3635 577 3720 finr'a
592 3635 783 3715 (secundum
798 3634 840 3696 G.
857 3655 984 3696 sursum
1006 3657 1107 3720 usque
1122 3639 1156 3700 in
1171 3639 1216 3702 lo·

62 3754 126 3799 cun
141 3759 157 3800 e
170 3739 300 3821 regione
316 3739 506 3822 valliculae).
540 3741 603 3802 Pro
615 3739 778 3823 quociucir
792 3738 888 3822 paulo
903 3749 978 3803 ante
993 3751 1042 3804 est
1056 3742 1170 3806 11111111·
1185 3748 1216 3827 (e

62 3841 188 3924 ugione)
210 3854 243 3906 et
264 3843 299 3906 in
319 3843 389 3908 aliis
410 3845 520 3908 multis
539 3844 615 3909 locis
632 3866 720 3926 pena
742 3841 881 3906 arciueir
901 3846 999 3924 (recte
1021 3869 1038 3908 e
1058 3849 1212 3931 regione).

61 3941 218 4011 Carnicum
239 3949 423 4031 exemplum
443 3973 461 4013 e
477 3953 586 4015 Pasa:
610 3949 653 4012 111
668 3947 825 4014 coarcat
841 3950 887 4029 (et
901 3949 961 4012 sub
976 3951 1051 4028 fine,
1071 3955 1214 4037 tandem)

66 4053 151 4126 111.
170 4060 221 4131 ss,
241 4061 272 4116 a.
1218 4113 1221 4119 .

134 4159 180 4220 DI
196 4159 336 4240 (hibern.
355 4158 400 4234 di,
418 4159 471 4241 de)
487 4159 521 4224 in
541 4160 652 4244 lingua
674 4160 844 4224 vetustiore
866 4162 1033 4240 cambrica,
1052 4174 1089 4226 ut
1109 4163 1213 4226 hiber·

61 4256 121 4322 nica
138 4263 339 4347 praepositio,
356 4263 536 4347 genitivum
558 4265 718 4330 interdum
743 4265 905 4330 indicans:
931 4267 988 4331 tia
1011 4291 1085 4351 map
1106 4269 1143 4332 di
1163 4269 1213 4333 iot

62 4361 104 4438 (at
122 4366 203 4432 filius
222 4369 328 4453 Jovis)
343 4369 389 4452 gl.
407 4370 513 4433 Oxon.
547 4371 588 4434 In
609 4371 836 4436 recentioribus
857 4373 1029 4451 codicibus,
1047 4384 1084 4437 ut
1107 4375 1141 4438 in
1163 4398 1214 4438 co·

62 4464 120 4530 dice
137 4474 239 4626 rullilro,
256 4496 314 4559 pro
337 4475 394 4560 dy,
412 4495 544 4540 excussa
565 4477 590 4538 d
609 4477 656 4560 (p.
677 4481 771 4557 217),
789 4477 857 4561 jam
878 4488 927 4541 est
942 4479 973 4542 Y
989 4481 1053 4560 (de,
1072 4503 1123 4557 ex,
1140 4482 1212 4562 ab):

105 4581 163 4625 vor..
207 4613 213 4627 .
966 4588 1005 4642 40
