2994 5052
259 311 321 373 700
507 313 568 376 IV.
588 318 617 373 3.
650 330 917 376 coutunomonns
933 315 1172 372 snrrsnmoan.

257 491 352 544 aucta
366 481 483 544 DRES
507 479 666 564 significat
685 481 741 542 lat.
759 487 796 541 ut
816 479 934 541 ibidem
950 485 1002 554 68,
1021 486 1057 539 4:
1080 502 1102 562 y
1123 499 1265 561 oynpeos
1286 499 1354 561 pyro
1369 477 1413 540 tle

257 586 375 669 wetbyl
393 587 464 650 drea
485 610 506 672 y
529 607 650 672 cyanos
672 589 752 667 (non
774 594 865 648 erant
883 583 1006 646 habiles
1029 584 1070 645 ad
1090 581 1289 658 faciendum,
1313 593 1348 645 ut
1365 603 1411 645 vo

256 691 391 772 lebant).

343 797 414 858 YM
427 795 535 877 (circa)
548 806 580 858 et
593 795 689 859 ΒΑΘ
701 797 855 878 (propter)
867 793 1061 856 causativae:
1081 793 1133 856 the
1147 791 1195 855 du'
1206 816 1248 878 ny
1261 793 1336 878 poth
1351 793 1412 877 τιμε

260 909 393 984 temptye
411 923 464 985 ψη
479 902 541 984 ped
565 923 647 964 onan
663 923 684 962 a
698 899 836 984 aperisys
853 899 956 982 lemyn
964 907 1092 983 presty
1108 897 1225 961 honore
1239 902 1319 979 (non
1333 919 1411 980 opor·

259 1016 305 1068 tet
320 1015 351 1067 te
366 1006 461 1068 deum
473 1017 566 1069 tuum
577 1017 710 1080 tentare,
724 1025 800 1067 nam
812 1003 945 1086 quisque
957 1003 1128 1085 spirituum
1139 1025 1227 1066 nunc
1239 1014 1366 1085 parabis
1376 1003 1412 1064 ad

259 1133 334 1174 eum
354 1109 645 1193 honorandumJP.
666 1118 721 1186 15,
741 1115 771 1171 2.
802 1107 976 1191 dreztouqb
1002 1107 1074 1192 why
1096 1107 1222 1171 bethone
1245 1107 1345 1191 letdys
1362 1129 1411 1190 rap

257 1239 341 1302 yooo
362 1238 411 1278 me
431 1239 474 1299 oy
490 1215 581 1300 paffe
596 1217 681 1301 asyle
694 1237 749 1278 vas
764 1236 838 1299 moy
845 1213 889 1297 fo
904 1215 1060 1298 dompoys
1076 1216 1145 1296 (per
1160 1234 1216 1275 vos
1231 1213 1273 1276 sit
1288 1212 1410 1286 occisus,

257 1343 333 1384 nam
355 1322 389 1384 in
410 1343 447 1384 eo
469 1343 527 1404 ego
542 1344 608 1384 non
623 1321 824 1384 inveniebam
838 1340 967 1382 causam
980 1320 1109 1394 bonam,
1128 1329 1165 1380 ut
1180 1319 1411 1399 condemnetur)

262 1432 333 1503 142,
354 1434 383 1489 3.
403 1435 433 1489 4.
460 1436 488 1490 te
507 1448 558 1510 yw
580 1427 651 1488 dall
667 1447 726 1510 rap
739 1447 840 1509 persen
855 1425 956 1508 crepis
972 1425 1029 1487 neb
1045 1445 1076 1486 ea
1092 1425 1152 1486 deo
1165 1423 1245 1506 plan
1259 1445 1309 1507 yw
1325 1425 1372 1504 (tu
1385 1443 1412 1484 es

258 1552 380 1607 coecus,
399 1531 608 1608 calumnians,
627 1531 702 1614 quia
722 1529 778 1614 qui
799 1551 972 1613 suspensos
993 1539 1042 1593 est
1061 1529 1229 1592 nobiscum
1243 1527 1291 1590 vir
1305 1529 1411 1612 probus

259 1637 321 1715 est)
341 1639 411 1711 192,
432 1639 461 1697 2.

343 1741 584 1805 Armoricae.
611 1743 704 1806 DRE
721 1745 803 1826 (per)
819 1742 919 1804 forma
934 1741 1069 1824 simplex
1084 1761 1238 1804 unacum
1252 1749 1334 1822 part.
1352 1761 1412 1802 maz

258 1855 307 1907 est
328 1844 568 1928 significationis
591 1848 770 1910 causativas
792 1850 838 1930 (p.
860 1850 954 1929 691);
972 1847 1073 1908 forma
1093 1855 1187 1908 aucta
1205 1847 1326 1908 DREZ
1349 1867 1412 1908 eon-
1472 1867 1474 1916 ᾗ

258 1951 367 2012 cordat
388 1971 461 2013 cum
477 1973 563 2014 corn.
581 1955 648 2029 dre,
667 1955 739 2016 drea
754 1955 856 2033 (dum,
875 1952 1039 2035 quamdiu,
1057 1955 1126 2033 ut):
1152 1952 1227 2013 drea
1241 1951 1355 2034 vizimp
1368 1953 1412 2013 deo

258 2055 425 2138 (quamdiu
451 2057 568 2120 erimus
591 2058 669 2140 vivi)
690 2059 775 2123 Buh.
796 2063 847 2135 62,
869 2066 918 2120 16.
950 2059 1064 2120 drezoa
1084 2055 1187 2140 deffri
1202 2057 1354 2140 prcfioiet
1371 2059 1413 2138 (ut
1471 2101 1474 2174 Ι

258 2173 306 2224 εει
320 2161 529 2245 praedictum,
548 2163 701 2246 eligamus
717 2166 805 2244 eum)
824 2170 895 2240 184,
914 2171 945 2226 6.
1472 2177 1474 2252 j

343 2268 432 2330 RAC
447 2277 485 2329 ut
505 2268 630 2330 comica
649 2269 839 2352 praepositio
859 2271 984 2332 eadem:
1010 2268 1135 2332 meeber
1157 2291 1197 2330 oo
1219 2289 1303 2331 nette
1317 2276 1385 2352 quet
1396 2291 1412 2330 o
1472 2263 1474 2324 i

258 2373 374 2434 roedou
396 2393 452 2435 rac
473 2393 549 2434 noar
568 2395 611 2436 an
625 2375 722 2456 placo
744 2375 837 2437 donet
856 2397 876 2436 a
899 2375 964 2458 day
983 2375 1056 2436 bros
1071 2375 1114 2436 ha
1130 2373 1226 2436 bidan
1242 2375 1409 2453 (damnum,

258 2478 342 2560 quod
365 2497 430 2539 non
452 2477 605 2540 habemus
628 2479 718 2554 retia,
735 2499 811 2540 nam
826 2477 860 2540 in
875 2479 962 2541 hunc
977 2479 1083 2542 locum
1098 2477 1229 2541 venient
1244 2501 1374 2561 magnae
1387 2487 1412 2540 et
1472 2535 1474 2570 3

257 2603 383 2665 parvae,
402 2583 499 2665 ferae)
515 2583 600 2645 Bnh.
621 2591 673 2661 32,
695 2592 744 2646 14.
765 2591 815 2646 15.
837 2591 887 2646 16.
911 2584 974 2648 reit
993 2607 1031 2647 en
1047 2592 1114 2647 mat
1128 2607 1164 2646 oz
1179 2584 1352 2667 benryadeo
1366 2605 1412 2646 rac

259 2687 359 2750 dretist
371 2709 436 2770 pep
455 2709 518 2770 pen
540 2688 598 2751 Iroz
614 2689 765 2774 poplena
785 2691 871 2770 (date
893 2691 974 2753 bene
996 2699 1135 2752 vestram
1156 2689 1409 2763 benedictionem,
1472 2637 1474 2688 ζ

257 2814 334 2855 nam
356 2815 452 2876 supra
473 2813 600 2856 omnem
621 2815 688 2858 rem
703 2793 863 2876 jubemini
884 2797 954 2876 vos)
973 2798 1044 2870 122,
1064 2801 1094 2855 8.
1114 2801 1144 2855 9.
1177 2793 1345 2858 Formulae
1363 2815 1412 2856 roc
1472 2799 1473 2868 j

257 2919 328 2960 maz
344 2898 464 2981 (quia),
482 2900 679 2962 consociatae
701 2909 739 2960 ut
760 2901 817 2962 dre
839 2922 909 2962 maz
925 2903 982 2982 (π
1003 2899 1081 2961 dren
1089 2921 1152 2980 pez
1167 2919 1249 2975 maz,
1267 2921 1324 2982 per
1343 2921 1409 2972 rem,
1472 2883 1473 2962 ἷ

258 3023 331 3084 qua,
342 3002 364 3064 i.
376 3023 404 3064 e.
419 3003 508 3086 quia)
521 3015 553 3066 et
564 3013 659 3087 quent
669 3025 740 3068 maz
750 3006 858 3084 (antea
869 3025 976 3085 quam,
987 3003 1009 3065 i.
1020 3026 1049 3066 e.
1066 3006 1263 3086 antequam),
1279 3004 1410 3087 exempla
1472 3041 1474 3044 -

253 3108 322 3191 jam
336 3107 432 3170 allata
447 3120 523 3171 sunt
539 3112 584 3192 (p.
605 3113 691 3190 691).
718 3110 764 3172 Ut
778 3109 813 3171 in
828 3109 887 3171 hac
902 3108 1054 3171 armorica
1068 3117 1164 3191 quent
1177 3129 1260 3186 maz,
1276 3107 1409 3173 etiamin

258 3212 383 3276 cornice
403 3214 484 3300 kyns
505 3235 543 3298 ys
559 3214 660 3296 (prius
680 3218 800 3297 quam),
819 3237 893 3277 curn
907 3213 1063 3297 particula
1078 3213 1195 3275 usitata
1211 3225 1285 3297 post
1299 3235 1409 3297 compa·

257 3331 317 3381 rat.
335 3341 384 3403 ys,
402 3319 586 3412 adverbium
601 3329 649 3383 est
663 3319 770 3403 potius
785 3321 992 3384 statuendum
1007 3339 1103 3403 quam
1118 3317 1312 3402 conjunctio.
