<?xml version="1.0" encoding="UTF-8"?>
<!DOCTYPE html PUBLIC "-//W3C//DTD XHTML 1.0 Transitional//EN"
    "http://www.w3.org/TR/xhtml1/DTD/xhtml1-transitional.dtd">
<html xmlns="http://www.w3.org/1999/xhtml" xml:lang="en" lang="en">
 <head>
  <title>
</title>
<meta http-equiv="Content-Type" content="text/html;charset=utf-8" />
  <meta name='ocr-system' content='tesseract 3.04.00' />
  <meta name='ocr-capabilities' content='ocr_page ocr_carea ocr_par ocr_line ocrx_word'/>
</head>
<body>
  <div class='ocr_page' id='page_1' title='image "./grammaticacelti01zeusgoog_0412.png"; bbox 0 0 2978 5054; ppageno 0'>
   <div class='ocr_carea' id='block_1_1' title="bbox 673 1461 1090 1566">
    <p class='ocr_par' dir='ltr' id='par_1_1' title="bbox 673 1461 1090 1566">
     <span class='ocr_line' id='line_1_1' title="bbox 673 1461 1090 1566; baseline 0.002 -4"><span class='ocrx_word' id='word_1_1' title='bbox 673 1461 1090 1566; x_wconf 86' lang='lat' dir='ltr'><strong>APPENDIX.</strong></span> 
     </span>
    </p>
   </div>
   <div class='ocr_carea' id='block_1_2' title="bbox 301 1857 1441 1992">
    <p class='ocr_par' dir='ltr' id='par_1_2' title="bbox 301 1857 1441 1992">
     <span class='ocr_line' id='line_1_2' title="bbox 301 1857 1441 1992; baseline -0.002 -3"><span class='ocrx_word' id='word_1_2' title='bbox 301 1903 630 1990; x_wconf 71' lang='lat' dir='ltr'>cucusum</span> <span class='ocrx_word' id='word_1_3' title='bbox 651 1857 724 1986; x_wconf 79' lang='lat' dir='ltr'>m</span> <span class='ocrx_word' id='word_1_4' title='bbox 746 1903 1065 1990; x_wconf 76' lang='lat' dir='ltr'>senonum</span> <span class='ocrx_word' id='word_1_5' title='bbox 1084 1911 1120 1988; x_wconf 83' lang='lat' dir='ltr'>n</span> <span class='ocrx_word' id='word_1_6' title='bbox 1141 1905 1441 1992; x_wconf 77' lang='lat' dir='ltr'>conminus.</span> 
     </span>
    </p>
   </div>
   <div class='ocr_carea' id='block_1_3' title="bbox 295 2153 1447 3174">
    <p class='ocr_par' dir='ltr' id='par_1_3' title="bbox 295 2153 1447 3174">
     <span class='ocr_line' id='line_1_3' title="bbox 385 2153 1444 2241; baseline 0 -21"><span class='ocrx_word' id='word_1_7' title='bbox 385 2154 557 2241; x_wconf 75' lang='lat' dir='ltr'>spicilegio</span> <span class='ocrx_word' id='word_1_8' title='bbox 579 2153 629 2216; x_wconf 86' lang='lat' dir='ltr'>vel</span> <span class='ocrx_word' id='word_1_9' title='bbox 650 2153 805 2219; x_wconf 81' lang='lat' dir='ltr'><strong>dictiones</strong></span> <span class='ocrx_word' id='word_1_10' title='bbox 823 2166 856 2218; x_wconf 91' lang='lat' dir='ltr'>et</span> <span class='ocrx_word' id='word_1_11' title='bbox 870 2153 1045 2219; x_wconf 87' lang='lat' dir='ltr'>sententias</span> <span class='ocrx_word' id='word_1_12' title='bbox 1060 2155 1208 2222; x_wconf 81' lang='lat' dir='ltr'>collectas</span> <span class='ocrx_word' id='word_1_13' title='bbox 1224 2158 1325 2223; x_wconf 84' lang='lat' dir='ltr'>unius</span> <span class='ocrx_word' id='word_1_14' title='bbox 1340 2158 1444 2232; x_wconf 82' lang='lat' dir='ltr'>tenuis,</span> 
     </span>
     <span class='ocr_line' id='line_1_4' title="bbox 299 2253 1445 2348; baseline 0.003 -22"><span class='ocrx_word' id='word_1_15' title='bbox 299 2286 327 2326; x_wconf 89' lang='lat' dir='ltr'>c.</span> <span class='ocrx_word' id='word_1_16' title='bbox 342 2285 391 2346; x_wconf 85' lang='lat' dir='ltr'>gr.</span> <span class='ocrx_word' id='word_1_17' title='bbox 409 2258 656 2345; x_wconf 81' lang='lat' dir='ltr'>grammaticalis</span> <span class='ocrx_word' id='word_1_18' title='bbox 671 2259 737 2323; x_wconf 85' lang='lat' dir='ltr'>sive</span> <span class='ocrx_word' id='word_1_19' title='bbox 752 2259 893 2337; x_wconf 84' lang='lat' dir='ltr'>moralis,</span> <span class='ocrx_word' id='word_1_20' title='bbox 907 2271 939 2323; x_wconf 93' lang='lat' dir='ltr'>et</span> <span class='ocrx_word' id='word_1_21' title='bbox 954 2253 1129 2344; x_wconf 70' lang='lat' dir='ltr'><strong>specimina</strong></span> <span class='ocrx_word' id='word_1_22' title='bbox 1143 2263 1193 2326; x_wconf 88' lang='lat' dir='ltr'>vel</span> <span class='ocrx_word' id='word_1_23' title='bbox 1209 2277 1318 2347; x_wconf 83' lang='lat' dir='ltr'>partes</span> <span class='ocrx_word' id='word_1_24' title='bbox 1333 2265 1445 2348; x_wconf 69' lang='lat' dir='ltr'>integm</span> 
     </span>
     <span class='ocr_line' id='line_1_5' title="bbox 300 2364 1445 2454; baseline 0 -22"><span class='ocrx_word' id='word_1_25' title='bbox 300 2391 317 2432; x_wconf 89' lang='lat' dir='ltr'>e</span> <span class='ocrx_word' id='word_1_26' title='bbox 338 2367 500 2432; x_wconf 82' lang='lat' dir='ltr'>codicibus</span> <span class='ocrx_word' id='word_1_27' title='bbox 522 2364 707 2449; x_wconf 80' lang='lat' dir='ltr'>praesertim</span> <span class='ocrx_word' id='word_1_28' title='bbox 729 2365 901 2430; x_wconf 85' lang='lat' dir='ltr'>hibernicis</span> <span class='ocrx_word' id='word_1_29' title='bbox 921 2377 988 2430; x_wconf 78' lang='lat' dir='ltr'>tam</span> <span class='ocrx_word' id='word_1_30' title='bbox 1002 2367 1144 2431; x_wconf 83' lang='lat' dir='ltr'>exercitii</span> <span class='ocrx_word' id='word_1_31' title='bbox 1159 2391 1258 2454; x_wconf 82' lang='lat' dir='ltr'>quum</span> <span class='ocrx_word' id='word_1_32' title='bbox 1273 2372 1360 2436; x_wconf 90' lang='lat' dir='ltr'>modi</span> <span class='ocrx_word' id='word_1_33' title='bbox 1373 2371 1445 2434; x_wconf 83' lang='lat' dir='ltr'>intu-</span> 
     </span>
     <span class='ocr_line' id='line_1_6' title="bbox 298 2471 1446 2559; baseline 0 -22"><span class='ocrx_word' id='word_1_34' title='bbox 298 2472 486 2559; x_wconf 76' lang='lat' dir='ltr'>pretutionis</span> <span class='ocrx_word' id='word_1_35' title='bbox 499 2483 640 2536; x_wconf 86' lang='lat' dir='ltr'>veterum</span> <span class='ocrx_word' id='word_1_36' title='bbox 652 2471 864 2555; x_wconf 84' lang='lat' dir='ltr'>glossatomm</span> <span class='ocrx_word' id='word_1_37' title='bbox 875 2472 1053 2538; x_wconf 81' lang='lat' dir='ltr'>accuratius</span> <span class='ocrx_word' id='word_1_38' title='bbox 1065 2477 1279 2558; x_wconf 82' lang='lat' dir='ltr'>cognoscendi</span> <span class='ocrx_word' id='word_1_39' title='bbox 1290 2499 1383 2542; x_wconf 77' lang='lat' dir='ltr'>causo</span> <span class='ocrx_word' id='word_1_40' title='bbox 1392 2477 1446 2540; x_wconf 81' lang='lat' dir='ltr'>sub</span> 
     </span>
     <span class='ocr_line' id='line_1_7' title="bbox 295 2577 1447 2665; baseline 0.003 -22"><span class='ocrx_word' id='word_1_41' title='bbox 295 2581 432 2665; x_wconf 86' lang='lat' dir='ltr'>jungere</span> <span class='ocrx_word' id='word_1_42' title='bbox 452 2579 505 2642; x_wconf 93' lang='lat' dir='ltr'>hic</span> <span class='ocrx_word' id='word_1_43' title='bbox 525 2578 560 2641; x_wconf 92' lang='lat' dir='ltr'>in</span> <span class='ocrx_word' id='word_1_44' title='bbox 575 2579 639 2642; x_wconf 87' lang='lat' dir='ltr'>fine</span> <span class='ocrx_word' id='word_1_45' title='bbox 654 2577 757 2662; x_wconf 89' lang='lat' dir='ltr'>operis</span> <span class='ocrx_word' id='word_1_46' title='bbox 772 2577 986 2662; x_wconf 87' lang='lat' dir='ltr'>incongruum</span> <span class='ocrx_word' id='word_1_47' title='bbox 1001 2589 1086 2644; x_wconf 84' lang='lat' dir='ltr'>certe</span> <span class='ocrx_word' id='word_1_48' title='bbox 1100 2601 1166 2644; x_wconf 91' lang='lat' dir='ltr'>non</span> <span class='ocrx_word' id='word_1_49' title='bbox 1181 2593 1241 2658; x_wconf 87' lang='lat' dir='ltr'>est,</span> <span class='ocrx_word' id='word_1_50' title='bbox 1258 2595 1295 2648; x_wconf 89' lang='lat' dir='ltr'>et</span> <span class='ocrx_word' id='word_1_51' title='bbox 1309 2586 1396 2648; x_wconf 91' lang='lat' dir='ltr'>modo</span> <span class='ocrx_word' id='word_1_52' title='bbox 1407 2583 1447 2646; x_wconf 78' lang='lat' dir='ltr'>ad·</span> 
     </span>
     <span class='ocr_line' id='line_1_8' title="bbox 299 2683 1446 2768; baseline -0.001 -17"><span class='ocrx_word' id='word_1_53' title='bbox 299 2689 373 2751; x_wconf 85' lang='lat' dir='ltr'>dere</span> <span class='ocrx_word' id='word_1_54' title='bbox 390 2685 691 2749; x_wconf 82' lang='lat' dir='ltr'>commentationem</span> <span class='ocrx_word' id='word_1_55' title='bbox 705 2684 751 2748; x_wconf 80' lang='lat' dir='ltr'>its</span> <span class='ocrx_word' id='word_1_56' title='bbox 765 2683 947 2768; x_wconf 87' lang='lat' dir='ltr'>propositis,</span> <span class='ocrx_word' id='word_1_57' title='bbox 965 2687 1060 2748; x_wconf 92' lang='lat' dir='ltr'>modo</span> <span class='ocrx_word' id='word_1_58' title='bbox 1075 2687 1232 2765; x_wconf 82' lang='lat' dir='ltr'>omittere,</span> <span class='ocrx_word' id='word_1_59' title='bbox 1250 2703 1290 2754; x_wconf 91' lang='lat' dir='ltr'>ut</span> <span class='ocrx_word' id='word_1_60' title='bbox 1306 2691 1410 2754; x_wconf 82' lang='lat' dir='ltr'>hurum</span> <span class='ocrx_word' id='word_1_61' title='bbox 1420 2687 1446 2750; x_wconf 93' lang='lat' dir='ltr'>li·</span> 
     </span>
     <span class='ocr_line' id='line_1_9' title="bbox 300 2789 1447 2880; baseline 0.002 -21"><span class='ocrx_word' id='word_1_62' title='bbox 300 2805 439 2858; x_wconf 82' lang='lat' dir='ltr'>tcrorum</span> <span class='ocrx_word' id='word_1_63' title='bbox 460 2791 580 2855; x_wconf 81' lang='lat' dir='ltr'>amicus</span> <span class='ocrx_word' id='word_1_64' title='bbox 595 2790 787 2854; x_wconf 84' lang='lat' dir='ltr'>facilioribus</span> <span class='ocrx_word' id='word_1_65' title='bbox 803 2790 994 2874; x_wconf 83' lang='lat' dir='ltr'>quibusdam</span> <span class='ocrx_word' id='word_1_66' title='bbox 1009 2789 1151 2856; x_wconf 90' lang='lat' dir='ltr'>imbutus</span> <span class='ocrx_word' id='word_1_67' title='bbox 1167 2793 1236 2878; x_wconf 86' lang='lat' dir='ltr'>ipsc</span> <span class='ocrx_word' id='word_1_68' title='bbox 1251 2797 1397 2880; x_wconf 81' lang='lat' dir='ltr'>deinceps</span> <span class='ocrx_word' id='word_1_69' title='bbox 1409 2815 1447 2879; x_wconf 68' lang='lat' dir='ltr'>pe</span> 
     </span>
     <span class='ocr_line' id='line_1_10' title="bbox 299 2895 1447 2986; baseline 0.002 -24"><span class='ocrx_word' id='word_1_70' title='bbox 299 2899 437 2964; x_wconf 80' lang='lat' dir='ltr'>ticulum</span> <span class='ocrx_word' id='word_1_71' title='bbox 459 2897 555 2961; x_wconf 80' lang='lat' dir='ltr'>facist</span> <span class='ocrx_word' id='word_1_72' title='bbox 575 2898 611 2960; x_wconf 92' lang='lat' dir='ltr'>in</span> <span class='ocrx_word' id='word_1_73' title='bbox 629 2897 711 2962; x_wconf 86' lang='lat' dir='ltr'>aliis.</span> <span class='ocrx_word' id='word_1_74' title='bbox 743 2895 939 2960; x_wconf 84' lang='lat' dir='ltr'>Bn&#39;tsnnicis</span> <span class='ocrx_word' id='word_1_75' title='bbox 955 2917 1037 2980; x_wconf 81' lang='lat' dir='ltr'>quoe</span> <span class='ocrx_word' id='word_1_76' title='bbox 1051 2897 1201 2982; x_wconf 85' lang='lat' dir='ltr'>deinceps</span> <span class='ocrx_word' id='word_1_77' title='bbox 1216 2915 1401 2986; x_wconf 81' lang='lat' dir='ltr'>sequuntur,</span> <span class='ocrx_word' id='word_1_78' title='bbox 1414 2922 1447 2964; x_wconf 86' lang='lat' dir='ltr'>n·</span> 
     </span>
     <span class='ocr_line' id='line_1_11' title="bbox 299 3003 1447 3084; baseline 0.002 -16"><span class='ocrx_word' id='word_1_79' title='bbox 299 3004 435 3069; x_wconf 85' lang='lat' dir='ltr'>rioribus</span> <span class='ocrx_word' id='word_1_80' title='bbox 457 3015 489 3067; x_wconf 89' lang='lat' dir='ltr'>et</span> <span class='ocrx_word' id='word_1_81' title='bbox 510 3003 736 3068; x_wconf 87' lang='lat' dir='ltr'>vetustioribus</span> <span class='ocrx_word' id='word_1_82' title='bbox 757 3003 793 3065; x_wconf 91' lang='lat' dir='ltr'>in</span> <span class='ocrx_word' id='word_1_83' title='bbox 813 3025 916 3066; x_wconf 90' lang='lat' dir='ltr'>unum</span> <span class='ocrx_word' id='word_1_84' title='bbox 931 3003 1037 3066; x_wconf 92' lang='lat' dir='ltr'>locum</span> <span class='ocrx_word' id='word_1_85' title='bbox 1051 3003 1203 3084; x_wconf 85' lang='lat' dir='ltr'>collectis,</span> <span class='ocrx_word' id='word_1_86' title='bbox 1223 3009 1372 3074; x_wconf 87' lang='lat' dir='ltr'>omnibus</span> <span class='ocrx_word' id='word_1_87' title='bbox 1385 3027 1447 3070; x_wconf 84' lang='lat' dir='ltr'>oon·</span> 
     </span>
     <span class='ocr_line' id='line_1_12' title="bbox 299 3109 848 3174; baseline -0.005 0"><span class='ocrx_word' id='word_1_88' title='bbox 299 3109 475 3174; x_wconf 77' lang='lat' dir='ltr'>mentarius</span> <span class='ocrx_word' id='word_1_89' title='bbox 490 3110 655 3174; x_wconf 84' lang='lat' dir='ltr'>addendus</span> <span class='ocrx_word' id='word_1_90' title='bbox 671 3109 848 3173; x_wconf 83' lang='lat' dir='ltr'>videbatur.</span> 
     </span>
    </p>
   </div>
   <div class='ocr_carea' id='block_1_4' title="bbox 789 3331 977 3344">
    <p class='ocr_par' dir='ltr' id='par_1_4' title="bbox 789 3331 977 3344">
     <span class='ocr_line' id='line_1_13' title="bbox 789 3331 977 3344; baseline 0 -5"><span class='ocrx_word' id='word_1_91' title='bbox 789 3331 977 3344; x_wconf 46' lang='lat'>*-</span> 
     </span>
    </p>
   </div>
   <div class='ocr_carea' id='block_1_5' title="bbox 701 3549 1065 3623">
    <p class='ocr_par' dir='ltr' id='par_1_5' title="bbox 701 3549 1065 3623">
     <span class='ocr_line' id='line_1_14' title="bbox 701 3549 1065 3623; baseline 0.003 -1"><span class='ocrx_word' id='word_1_92' title='bbox 701 3552 733 3622; x_wconf 91' lang='lat'>1.</span> <span class='ocrx_word' id='word_1_93' title='bbox 791 3549 1065 3623; x_wconf 84' lang='lat' dir='ltr'>Hibernico.</span> 
     </span>
    </p>
   </div>
   <div class='ocr_carea' id='block_1_6' title="bbox 489 3751 1285 3834">
    <p class='ocr_par' dir='ltr' id='par_1_6' title="bbox 489 3751 1285 3834">
     <span class='ocr_line' id='line_1_15' title="bbox 489 3751 1285 3834; baseline 0.004 -18"><span class='ocrx_word' id='word_1_94' title='bbox 489 3755 529 3816; x_wconf 83' lang='lat' dir='ltr'>A.</span> <span class='ocrx_word' id='word_1_95' title='bbox 577 3751 829 3816; x_wconf 88' lang='lat' dir='ltr'>Dictiones</span> <span class='ocrx_word' id='word_1_96' title='bbox 861 3753 1285 3834; x_wconf 75' lang='lat' dir='ltr'>grammaticales*</span> 
     </span>
    </p>
   </div>
   <div class='ocr_carea' id='block_1_7' title="bbox 815 3928 985 4002">
    <p class='ocr_par' dir='ltr' id='par_1_7' title="bbox 815 3928 985 4002">
     <span class='ocr_line' id='line_1_16' title="bbox 815 3928 985 4002; baseline 0 0"><span class='ocrx_word' id='word_1_97' title='bbox 815 3928 985 4002; x_wconf 84' lang='lat' dir='ltr'>Sonus.¹</span> 
     </span>
    </p>
   </div>
   <div class='ocr_carea' id='block_1_8' title="bbox 303 4123 1452 4321">
    <p class='ocr_par' dir='ltr' id='par_1_8' title="bbox 303 4123 1452 4321">
     <span class='ocr_line' id='line_1_17' title="bbox 388 4123 1452 4214; baseline 0 -22"><span class='ocrx_word' id='word_1_98' title='bbox 388 4129 525 4214; x_wconf 69' lang='lat' dir='ltr'>Foqur</span> <span class='ocrx_word' id='word_1_99' title='bbox 547 4129 670 4210; x_wconf 86' lang='lat' dir='ltr'>(sonus,</span> <span class='ocrx_word' id='word_1_100' title='bbox 695 4123 947 4209; x_wconf 83' lang='lat' dir='ltr'>pronuntiatio):</span> <span class='ocrx_word' id='word_1_101' title='bbox 964 4125 1071 4211; x_wconf 70' lang='lat' dir='ltr'>soyur</span> <span class='ocrx_word' id='word_1_102' title='bbox 1094 4151 1133 4192; x_wconf 75' lang='lat'>.2.</span> <span class='ocrx_word' id='word_1_103' title='bbox 1147 4129 1213 4214; x_wconf 86' lang='lat' dir='ltr'>sor</span> <span class='ocrx_word' id='word_1_104' title='bbox 1238 4131 1282 4194; x_wconf 67' lang='lat' dir='ltr'>A.</span> <span class='ocrx_word' id='word_1_105' title='bbox 1302 4131 1362 4214; x_wconf 88' lang='lat' dir='ltr'>(gl.</span> <span class='ocrx_word' id='word_1_106' title='bbox 1378 4144 1452 4208; x_wconf 72' lang='lat' dir='ltr'>saepc</span> 
     </span>
     <span class='ocr_line' id='line_1_18' title="bbox 303 4231 1452 4321; baseline -0.006 -21"><span class='ocrx_word' id='word_1_107' title='bbox 303 4239 324 4300; x_wconf 93' lang='lat' dir='ltr'>d</span> <span class='ocrx_word' id='word_1_108' title='bbox 339 4235 511 4300; x_wconf 87' lang='lat' dir='ltr'>scribentes</span> <span class='ocrx_word' id='word_1_109' title='bbox 528 4233 637 4298; x_wconf 85' lang='lat' dir='ltr'>Latini</span> <span class='ocrx_word' id='word_1_110' title='bbox 652 4231 746 4309; x_wconf 83' lang='lat' dir='ltr'>hanc,</span> <span class='ocrx_word' id='word_1_111' title='bbox 765 4253 792 4308; x_wconf 87' lang='lat' dir='ltr'>z,</span> <span class='ocrx_word' id='word_1_112' title='bbox 811 4231 995 4314; x_wconf 81' lang='lat' dir='ltr'>exprimunt</span> <span class='ocrx_word' id='word_1_113' title='bbox 1010 4255 1099 4312; x_wconf 90' lang='lat' dir='ltr'>sono,</span> <span class='ocrx_word' id='word_1_114' title='bbox 1121 4283 1129 4298; x_wconf 89' lang='lat'><strong>.</strong></span> <span class='ocrx_word' id='word_1_115' title='bbox 1146 4283 1154 4299; x_wconf 92' lang='lat'><strong>.</strong></span> <span class='ocrx_word' id='word_1_116' title='bbox 1171 4234 1386 4321; x_wconf 77' lang='lat' dir='ltr'>antiquissimi</span> <span class='ocrx_word' id='word_1_117' title='bbox 1400 4231 1452 4296; x_wconf 79' lang='lat' dir='ltr'>lle</span> 
     </span>
    </p>
   </div>
   <div class='ocr_carea' id='block_1_9' title="bbox 303 4401 1452 4560">
    <p class='ocr_par' dir='ltr' id='par_1_9' title="bbox 303 4401 1452 4560">
     <span class='ocr_line' id='line_1_19' title="bbox 372 4401 1452 4476; baseline -0.007 -16"><span class='ocrx_word' id='word_1_118' title='bbox 372 4407 384 4432; x_wconf 83' lang='lat'>&#39;</span> <span class='ocrx_word' id='word_1_119' title='bbox 403 4405 496 4460; x_wconf 86' lang='lat' dir='ltr'>Codex</span> <span class='ocrx_word' id='word_1_120' title='bbox 514 4402 562 4474; x_wconf 80' lang='lat' dir='ltr'>Sg.</span> <span class='ocrx_word' id='word_1_121' title='bbox 582 4401 696 4456; x_wconf 80' lang='lat' dir='ltr'>refertus</span> <span class='ocrx_word' id='word_1_122' title='bbox 715 4401 797 4472; x_wconf 83' lang='lat' dir='ltr'>hujus</span> <span class='ocrx_word' id='word_1_123' title='bbox 816 4402 923 4472; x_wconf 76' lang='lat' dir='ltr'>generis</span> <span class='ocrx_word' id='word_1_124' title='bbox 941 4404 1107 4458; x_wconf 87' lang='lat' dir='ltr'>dictionibus</span> <span class='ocrx_word' id='word_1_125' title='bbox 1125 4404 1323 4476; x_wconf 80' lang='lat' dir='ltr'>intelligendus</span> <span class='ocrx_word' id='word_1_126' title='bbox 1341 4411 1389 4464; x_wconf 82' lang='lat' dir='ltr'>est,</span> <span class='ocrx_word' id='word_1_127' title='bbox 1405 4411 1452 4454; x_wconf 77' lang='lat' dir='ltr'>cun</span> 
     </span>
     <span class='ocr_line' id='line_1_20' title="bbox 303 4486 1452 4560; baseline -0.003 -16"><span class='ocrx_word' id='word_1_128' title='bbox 303 4507 357 4544; x_wconf 91' lang='lat' dir='ltr'>non</span> <span class='ocrx_word' id='word_1_129' title='bbox 372 4490 471 4544; x_wconf 77' lang='lat' dir='ltr'>citatur</span> <span class='ocrx_word' id='word_1_130' title='bbox 483 4488 561 4544; x_wconf 78' lang='lat' dir='ltr'>alius.</span> <span class='ocrx_word' id='word_1_131' title='bbox 588 4487 643 4547; x_wconf 88' lang='lat' dir='ltr'>Qui</span> <span class='ocrx_word' id='word_1_132' title='bbox 656 4486 711 4552; x_wconf 80' lang='lat' dir='ltr'>elii,</span> <span class='ocrx_word' id='word_1_133' title='bbox 727 4487 835 4557; x_wconf 82' lang='lat' dir='ltr'>quando</span> <span class='ocrx_word' id='word_1_134' title='bbox 848 4505 934 4542; x_wconf 84' lang='lat' dir='ltr'>sermo</span> <span class='ocrx_word' id='word_1_135' title='bbox 947 4495 989 4542; x_wconf 84' lang='lat' dir='ltr'>est</span> <span class='ocrx_word' id='word_1_136' title='bbox 1001 4489 1126 4544; x_wconf 81' lang='lat' dir='ltr'>derebus</span> <span class='ocrx_word' id='word_1_137' title='bbox 1139 4491 1393 4560; x_wconf 74' lang='lat' dir='ltr'>grammaticalibus,</span> <span class='ocrx_word' id='word_1_138' title='bbox 1405 4501 1452 4540; x_wconf 73' lang='lat' dir='ltr'>cu!</span> 
     </span>
    </p>
   </div>
   <div class='ocr_carea' id='block_1_10' title="bbox 0 0 1494 5047">
    <p class='ocr_par' dir='ltr' id='par_1_10' title="bbox 0 0 1494 5047">
     <span class='ocr_line' id='line_1_21' title="bbox 0 0 1494 5047; baseline 0 0"><span class='ocrx_word' id='word_1_139' title='bbox 0 0 1494 5047; x_wconf 95' lang='lat' dir='ltr'> </span> 
     </span>
    </p>
   </div>
  </div>
 </body>
</html>
