3004 5066
110 389 281 434 sensnm.
317 391 481 436 semines
497 391 623 436 comcrs
638 391 817 436 meremor
833 391 1001 436 narsetem
1018 393 1067 438 sc.
1117 373 1198 434 1017

58 533 151 614 sitis,²
174 560 230 602 nec
255 540 327 623 plus
353 539 455 604 tribus
480 540 730 604 consonantibus
755 537 979 604 continuare.⁸
1018 541 1201 604 Auctoritas

58 665 165 728 quoque
186 657 251 708 tarn
264 645 416 709 Varronis
436 667 532 728 quam
548 647 661 722 Macri,
680 657 760 710 teste
775 646 961 722 Censorino,
980 669 1039 710 nec
1060 648 1083 710 k
1103 669 1162 710 nec
1180 669 1201 730 q

56 771 143 833 neque
165 750 186 812 h
208 750 242 813 in
263 771 395 814 numero
416 751 546 814 adhibet
567 751 742 814 literarum.
774 751 934 816 Videntur
956 764 1063 816 tamen
1083 753 1095 815 i
1117 764 1150 816 et
1164 775 1198 828 u,

57 877 117 918 cum
139 855 171 918 in
195 867 404 918 consonantes
432 867 615 932 transcunt,
639 869 795 939 quantum
820 859 861 921 ad
885 867 1092 940 potestatem,
1116 857 1201 940 quod

55 959 210 1024 mannum
225 961 322 1024 estin
337 959 514 1037 elementis,
528 961 609 1024 aliae
624 959 755 1026 literae*
769 983 838 1030 esse
852 974 976 1047 praeter
990 963 1199 1049 supradictas.

56 1065 180 1154 Multum
194 1065 279 1130 enim
295 1065 437 1142 interest,
456 1077 565 1128 utrum
579 1067 702 1130 vocales
717 1067 784 1132 sint
798 1089 839 1131 an
855 1081 1078 1134 consonantes.
1110 1069 1203 1134 Sicut

55 1170 136 1248 enim,
149 1171 291 1254 quamvis
306 1169 342 1232 in
357 1170 443 1234 varia
457 1172 560 1254 figura
574 1183 607 1234 et
621 1172 708 1236 vario
723 1173 853 1238 nomine
868 1174 933 1238 sint
947 1176 971 1238 k
986 1187 1018 1238 et
1033 1197 1053 1258 q
1068 1187 1101 1239 ct
1111 1197 1140 1251 o,
1156 1187 1202 1238 ta·

54 1297 125 1354 nen,
138 1277 210 1359 quia
225 1297 324 1350 unam
339 1275 403 1338 vim
419 1275 539 1339 babent
555 1287 620 1342 tam
634 1278 669 1340 in
684 1290 785 1342 metro
800 1300 897 1362 quam
911 1280 945 1342 in
962 1301 1050 1357 sono,
1065 1303 1122 1364 pro
1137 1301 1203 1344 una

54 1380 129 1444 litera
141 1381 240 1467 accipi
255 1381 383 1458 debent,
398 1381 442 1445 sic
458 1381 470 1444 i
484 1393 518 1445 et
532 1405 565 1459 u,
580 1383 842 1465 quamvisunum
856 1405 975 1449 nornen
989 1397 1022 1448 et
1036 1407 1135 1449 unam
1146 1385 1203 1448 ha-

53 1487 117 1550 bent
135 1489 280 1571 figuram,
299 1497 365 1550 tarn
385 1486 508 1550 vocales
524 1509 620 1570 quam
635 1503 857 1566 consonantes,
876 1501 994 1566 nmen,
1012 1490 1087 1573 quia
1101 1491 1203 1552 diver·

53 1614 112 1655 sum
124 1613 237 1658 sonum
252 1603 284 1655 et
299 1592 457 1656 diversam
471 1592 536 1656 vim
552 1593 671 1656 habent
685 1593 721 1656 in
732 1593 840 1658 metris
852 1606 885 1658 et
895 1595 930 1658 in
942 1596 1203 1678 pronuntiatione

52 1697 239 1780 syllabarum,
258 1719 325 1761 non
340 1709 417 1761 sunt
431 1697 466 1760 in
482 1697 612 1774 eisdem,
630 1721 701 1762 meo
711 1699 843 1782 judicio,
866 1701 1031 1764 elementis
1047 1699 1202 1784 accipien-

52 1803 108 1878 dae,
129 1804 275 1887 quamvis
296 1815 329 1866 et
350 1804 536 1880 Censorino,
561 1804 744 1867 doctissimo
766 1805 843 1868 artis
866 1806 1101 1889 grammaticae,
1118 1805 1203 1870 idem

51 1907 187 1990 [ιΙιιιιιὶῑ.δ
217 1909 326 1972 Multa
346 1921 395 1972 est
415 1909 502 1972 enim
523 1909 701 1972 differentia
721 1909 806 1972 inter
828 1923 1050 1988 consonantes,
1069 1923 1107 1975 ut
1121 1911 1203 1976 dini-

50 2033 119 2089 mus,
132 2025 163 2078 et
177 2015 313 2078 vocales.
339 2009 503 2077 'lantiam⁸
517 2013 604 2077 enim
618 2014 683 2076 lere
698 2013 831 2079 interest
845 2016 929 2079 inter
944 2017 1067 2082 vocales
1083 2029 1115 2080 et
1130 2039 1204 2080 con-

49 2131 191 2196 sonantes,
210 2131 370 2203 quantum
389 2119 474 2182 inter
488 2119 611 2182 animas
626 2130 659 2182 et
673 2141 815 2202 corpora.
847 2122 983 2186 Animae
998 2123 1084 2186 enim
1099 2145 1156 2207 per
1171 2143 1204 2186 se

49 2236 219 2302 noventur,
246 2235 283 2287 ut
309 2223 508 2308 philosophis
532 2223 675 2302 videtin,
693 2235 732 2288 et
754 2243 884 2310 corpora
905 2240 1051 2305 movent;
1075 2249 1205 2312 corpora

49 2349 109 2393 vero
129 2353 186 2394 nec
207 2352 267 2415 per
289 2351 322 2393 se
345 2329 414 2393 sine
436 2329 543 2393 anima
564 2330 683 2394 moveri
698 2343 833 2414 possunt
848 2355 908 2396 nec
923 2333 1045 2397 animas
1061 2345 1202 2410 movent,

49 2437 94 2498 sed
110 2437 148 2499 ab
166 2436 233 2500 illis
253 2447 444 2500 movemur.-
467 2435 601 2499 Vocales
623 2435 769 2500 similiter
789 2447 822 2500 et
843 2459 899 2520 per
920 2459 954 2501 se
977 2450 1145 2502 moventur
1165 2440 1206 2501 ad

47 2541 259 2620 perficiendam
287 2540 441 2624 syllabam
469 2553 501 2604 et
529 2552 739 2606 consonantes
768 2553 899 2606 movent
924 2542 1072 2620 securn',⁷
1094 2565 1204 2607 conso·

48 2655 146 2708 umes
164 2667 241 2710 vero
256 2645 325 2710 sine
340 2645 502 2710 rotalibus
517 2646 695 2710 immobiles
710 2644 822 2712 ειιιιι.8
851 2649 894 2712 Et
908 2649 929 2710 J
945 2649 1075 2732 quidem
1089 2645 1206 2711 modo⁹

47 2770 94 2830 pro
106 2751 245 2836 simplici
259 2751 354 2814 modo
369 2771 426 2834 pro
442 2751 564 2838 duplici
579 2753 733 2836 accipitur
747 2765 962 2829 consonante3
979 2775 1037 2836 pro
1053 2752 1201 2836 simplici,

46 2858 158 2936 quando
173 2859 215 2921 ab
230 2879 269 2920 ea
283 2857 398 2940 incipit
412 2853 568 2940 syllaba¹⁰
583 2857 617 2920 in
631 2857 790 2940 principio
805 2859 954 2924 dictionis
968 2857 1082 2942 posita,
1097 2858 1205 2920 subse-

46 2974 148 3042 quente
163 2963 268 3026 vocali
282 2963 318 3026 in
331 2964 443 3026 eadem
457 2963 590 3046 syllaba,
607 2973 646 3024 ut
659 2963 680 3026 J
682 2983 759 3039 uno,
776 2963 906 3048 Jupiter
914 2989 923 3040 ;
941 2985 999 3048 pro
1014 2962 1135 3046 duplici
1149 2983 1205 3025 au-

45 3075 109 3144 tem,
125 3069 257 3151 quando
272 3067 308 3130 in
323 3067 427 3132 medio
442 3067 590 3132 dictionis
606 3069 646 3131 ab
661 3089 699 3131 ea
713 3068 827 3151 incipit
842 3069 963 3153 syllaba
977 3079 1050 3152 post
1064 3067 1206 3131 vocalem

45 3184 108 3235 ante
125 3195 158 3237 se
172 3173 324 3258 positam,
335 3169 359 3208 ¹¹
384 3173 597 3256 subsequente
612 3195 738 3257 quoque
753 3173 873 3237 vocali¹
897 3175 932 3238 in
947 3177 1057 3238 eadem
1072 3174 1203 3258 syllaba,

45 3289 76 3340 ut
94 3280 214 3357 maius,
239 3277 342 3362 peius,
365 3275 470 3342 eius.²
498 3280 539 3344 Iu
560 3301 624 3362 quo
644 3280 714 3343 loco
737 3279 862 3363 antiqui
885 3279 1030 3344 solebant
1044 3279 1206 3364 geminare

46 3387 166 3449 eandem
188 3385 201 3448 i
224 3385 351 3450 literam
373 3396 406 3448 et
425 3385 554 3461 meiius,
570 3385 686 3469 peiius,
705 3384 786 3448 eiius
802 3385 949 3462 scribere,
968 3387 1052 3469 quod
1067 3407 1133 3448 non
1149 3383 1206 3448 ali·

45 3485 103 3551 ter⁸
123 3490 329 3574 pronuntiari
342 3501 460 3572 posset,
478 3489 599 3574 quam*
616 3492 643 3555 si
659 3513 733 3556 cum
748 3491 910 3575 superiore
925 3491 1066 3576 syllaba*⁵
1081 3491 1166 3576 prior
1180 3492 1203 3568 i,

42 3613 107 3657 rum
124 3591 302 3679 sequente⁸
323 3596 424 3660 altera
445 3596 646 3679 proferretur,
665 3613 702 3662 ut
716 3597 832 3682 peiius,
850 3597 943 3676 eiius,
960 3599 1087 3663 meiius.
1120 3599 1207 3682 Nam

103 3865 182 3919 loci
199 3865 278 3919 ὁπόση
296 3865 387 3920 masth
404 3865 457 3919 till.
524 3870 539 3920 3
559 3866 723 3936 &comoedos
735 3868 795 3921 cecla
808 3869 915 3922 comatis
927 3868 1052 3938 indepaid
1062 3868 1146 3921 crolle
1158 3885 1205 3921 cea

38 3951 109 4014 cumi
118 3957 235 4006 mlum
269 3949 635 4006 tsaatmotuttcumaeatt

101 4039 183 4091 tata
201 4035 275 4090 esini
290 4035 351 4090 litrs
368 4036 475 4090 crebuit
490 4035 624 4090 camaclti
657 4037 810 4091 binmeitse
844 4043 858 4090 7
879 4037 1106 4108 addimpatpatb
1117 4037 1208 4090 sinna

41 4120 358 4189 amnemamnem
370 4137 416 4173 cea
426 4121 505 4190 putri
538 4123 553 4174 9
572 4121 722 4176 ωοΙιΙαεσέιι
759 4125 789 4175 10
809 4123 898 4175 maaet
909 4121 963 4174 sill.
1003 4125 1031 4174 ll
1052 4121 1145 4174 remisi

102 4203 154 4276 (7⁸)
196 4210 206 4258 l
230 4223 259 4259 .1.
279 4205 309 4258 ia
325 4205 437 4260 emnil.
451 4205 603 4276 dt'eit'apate
615 4205 776 4277 ιἰιιιιιᾰοφαίά
839 4209 854 4259 2
873 4207 965 4260 comat
976 4205 1109 4262 oirrmm'di
1118 4206 1206 4260 abiar

41 4289 439 4344 latrabat'nacltcmthos'la‘u
472 4291 596 4344 loldaas
693 4283 697 4292 ’

100 4379 115 4426 5
141 4373 208 4428 daris
221 4374 550 4444 ambulassem
561 4376 830 4448 ueoetytatnpuat
839 4375 909 4431 remi
942 4381 958 4430 6
979 4395 1007 4432 .ι.
1028 4376 1097 4432 latin
1113 4377 1210 4447 apator*

33 4455 190 4530 imaque
