3004 5066
309 397 390 458 1026
434 415 620 459 APPENDIX.
651 415 961 460 sPn01unucon1cls
977 415 1158 458 minuantur
1174 415 1381 459 Palsclntuso.

310 563 511 630 ficationis.¹⁶
543 567 583 627 Et
604 564 754 648 quoniam
774 567 813 628 cla
829 565 1021 649 proprietate
1036 563 1175 627 nominis
1191 576 1222 626 et
1235 565 1313 626 verbi
1325 573 1353 626 et
1363 561 1432 646 parti·

310 673 385 756 cipii
401 685 433 735 et
447 671 644 756 pronominis
659 669 796 733 breviter
810 671 931 734 dictum
946 683 1005 748 est,
1020 693 1086 734 nou
1097 671 1301 754 incongruum
1312 690 1368 732 esse
1377 666 1433 730 arbi·

312 792 375 842 tror
390 777 575 841 summatim
585 773 611 812 ¹⁶
626 779 665 840 de
682 788 858 839 ceterarum
874 799 1000 860 quoque
1014 775 1207 860 proprietate
1217 775 1344 860 partium
1352 772 1435 838 oratio

311 886 361 948 uis
376 905 567 968 percurrere.

399 1007 569 1090 Proprium
586 1003 639 1070 'est
659 1005 810 1084 adverbii,
834 1027 908 1069 eum
930 1009 1025 1070 verbo
1046 1007 1133 1090 poni,
1152 1029 1211 1070 nec
1234 1006 1298 1070 sine
1317 1025 1349 1067 eo
1366 1001 1436 1085 peris

313 1125 395 1178 ctam
413 1097 678 1197 significationem
693 1133 785 1197 posse
801 1112 926 1188 habere,
941 1123 979 1175 ut
992 1113 1075 1177 bene
1090 1111 1182 1190 facio,
1196 1115 1284 1176 docte
1297 1112 1367 1192 lego.
1387 1107 1438 1170 llos

313 1241 387 1304 ergo
409 1220 491 1282 inter
506 1217 725 1284 adverbium¹⁷
745 1229 777 1282 et
792 1219 1060 1305 praepositionem
1075 1230 1133 1297 est,
1151 1220 1238 1303 quod
1252 1214 1407 1281 adverbium
1418 1221 1439 1272 ct

313 1327 381 1390 sine
404 1325 584 1390 casualibus
599 1336 704 1410 potest
718 1325 871 1410 praeponi
886 1336 918 1388 et
932 1323 1081 1409 postponi
1098 1325 1199 1388 verbis
1216 1335 1329 1388 etcum
1342 1315 1439 1383 mausi-

313 1435 383 1510 bus,
402 1444 439 1495 ιιι
458 1451 541 1516 pone
564 1431 673 1509 currit,
692 1443 724 1495 et
738 1431 837 1494 currit
852 1446 934 1518 pone
944 1456 953 1506 ;
979 1432 1067 1494 venit
1084 1444 1226 1516 tempore
1240 1431 1331 1512 longo
1342 1431 1440 1510 postet

313 1549 386 1622 post
406 1539 502 1621 longo
526 1549 667 1622 ternpore
688 1538 787 1602 venit.
820 1537 989 1601 Terentius
1012 1537 1045 1600 in
1071 1535 1244 1621 Adelphis:
1267 1537 1340 1599 Post
1357 1533 1441 1596 lauret

315 1642 448 1708 tamen.¹
484 1643 519 1706 Si
540 1643 640 1727 igitur
661 1643 805 1706 invenias
827 1643 1012 1707 adverbium
1035 1643 1103 1707 sine
1123 1643 1222 1706 verbo
1246 1661 1316 1705 eum
1336 1637 1439 1710 nomine,

314 1751 394 1814 scias
415 1751 474 1812 hoe
498 1733 554 1834 per
575 1747 708 1833 eclipsin
731 1749 811 1827 fieri,
836 1761 874 1813 ut
894 1749 921 1813 si
944 1750 1060 1827 dicam,
1087 1771 1152 1814 non
1174 1753 1280 1814 bonus
1301 1749 1392 1820 homo,
1405 1759 1443 1826 pu

314 1856 429 1932 malus,
448 1855 603 1918 subaudio
625 1851 702 1920 est.2
733 1855 980 1940 Praepositionis
1003 1868 1111 1920 autem
1131 1857 1296 1942 proprium
1316 1865 1367 1928 est,
1381 1865 1442 1931 upt-

314 1961 409 2024 ratim
425 1961 553 2044 quidem
569 1981 624 2046 per
641 1955 894 2046 appositionem⁸
910 1963 1090 2028 casualibus
1105 1961 1271 2049 praeponi,
1290 1972 1324 2023 ut
1337 1961 1370 2021 de
1385 1973 1443 2035 ugr,

315 2069 400 2152 apud
416 2067 573 2142 amicum;
592 2068 789 2153 conjunctim
805 2087 877 2132 vcro
891 2089 948 2152 per
962 2071 1228 2154 compositionem
1242 2065 1327 2134 tam⁴
1341 2083 1401 2128 eum
1408 2059 1445 2121 bt·

314 2173 464 2238 bentibus
487 2193 591 2250 casus,
609 2171 728 2256 quam¹5
747 2174 844 2238 etiam
866 2195 940 2237 eum
962 2195 1028 2238 non
1044 2176 1251 2253 habentibus,
1274 2185 1311 2237 ut
1324 2172 1444 2234 indoctus

316 2279 492 2355 interritus,
511 2279 697 2358 intercurro,
714 2279 896 2364 proconsul,
914 2281 1042 2360 induco,
1061 2281 1249 2367 inspiciens.

403 2401 572 2486 Proprium
593 2415 642 2466 est
663 2401 908 2488 conjunctionis,
927 2401 1050 2468 diversa
1065 2405 1198 2468 nomina
1214 2405 1267 2468 vel
1283 2413 1448 2486 quascunque

316 2509 471 2572 dictiones
494 2510 637 2572 casuales
658 2509 709 2572 vel
731 2508 854 2572 diversa
875 2509 970 2574 verba
993 2510 1044 2574 vel
1064 2509 1213 2575 adverbia
1229 2511 1449 2594 conjungerent

315 2627 348 2679 et
362 2615 532 2678 Terentius
555 2627 586 2679 et
601 2615 722 2691 Cicero,
742 2613 792 2677 vel
808 2613 977 2680 Terentius
999 2617 1049 2680 vel
1065 2613 1207 2693 Cicer0,⁸
1228 2629 1262 2681 et
1284 2616 1449 2680 formosussl

316 2721 454 2806 sapiens,
468 2721 519 2784 vel
534 2721 690 2786 formosus
706 2723 755 2785 vel
772 2723 910 2806 sapiens,
926 2734 958 2787 et
973 2724 1082 2808 legens
1098 2735 1130 2786 et
1145 2725 1301 2800 scribens,
1316 2722 1360 2785 vel
1373 2721 1450 2800 legent

316 2827 366 2890 vel
382 2827 532 2904 scribens,
551 2839 583 2891 et
598 2846 657 2911 ego
673 2838 705 2891 et
721 2837 768 2903 tu,
786 2828 836 2890 vel
852 2839 887 2891 tu
903 2829 952 2892 vel
967 2849 1037 2914 ego,
1055 2841 1087 2892 et
1102 2829 1182 2893 facio
1199 2841 1232 2892 et
1248 2829 1330 2906 dico,
1342 2823 1386 2890 vel
1396 2817 1451 2887 facto

317 2933 367 2996 vel
389 2931 470 3010 dieo,
489 2945 521 2996 et
543 2935 623 2997 bene
639 2944 672 2998 et
687 2933 839 3011 celeriter,
858 2935 908 2998 vel
923 2937 1004 3000 bene
1019 2937 1069 2999 sel
1084 2935 1241 3012 celeriter,
1261 2935 1343 3019 quod
1356 2947 1452 3017 praepa

317 3039 390 3103 sitio
411 3061 477 3103 non
499 3039 587 3103 sacit.
620 3041 761 3104 Interest
784 3053 892 3105 autem
915 3042 1011 3106 etiam
1033 3041 1104 3118 hoc,
1130 3041 1218 3125 quod
1241 3033 1454 3126 praeposidoua

286 3192 292 3203 -
317 3147 465 3230 componi
486 3157 621 3230 possunt
641 3169 713 3210 eum
736 3147 849 3224 verbis,
867 3147 1050 3232 conjunctio
1070 3169 1143 3211 vero
1164 3169 1345 3232 nunquam,
1362 3139 1453 3206 utsub

204 3263 209 3278 '
319 3253 425 3328 traho,
449 3252 572 3329 addico,
597 3275 774 3338 praepono,
799 3251 949 3338 produco,
971 3253 1136 3328 dehortor;
1161 3253 1348 3338 conjunctio
1365 3260 1454 3316 auum.

318 3357 393 3420 licet
416 3357 457 3420 sit
477 3359 700 3442 praepositiva,
718 3360 753 3424 in
776 3359 1003 3444 compositione
1027 3372 1132 3424 tamen
1155 3382 1221 3423 non
1239 3357 1455 3424 invenimus

320 3465 433 3542 verbis,
452 3479 489 3528 ut
510 3476 553 3542 at,
577 3478 637 3543 ast,
660 3469 731 3542 sed;
750 3479 782 3530 et
803 3467 888 3551 quod
910 3465 1101 3550 praepositio
1121 3466 1308 3530 casualibus
1327 3449 1457 3546 septum¹

319 3571 525 3656 praeponitur
547 3593 682 3657 semper,
700 3573 883 3657 conjunctio
903 3593 976 3635 vero
999 3593 1073 3635 eum
1094 3571 1245 3636 omnibus
1261 3583 1364 3656 potest
1375 3563 1456 3630 diob'r

320 3677 415 3740 nibus
429 3679 524 3741 modo
539 3675 741 3762 praeposita⁸
754 3679 848 3742 modo
862 3677 1038 3762 postposita
1052 3677 1216 3770 conjungi.

321 3869 530 3880 ..ω-...κη-

394 4003 423 4052 rs
441 3994 574 4068 waurei
610 4003 640 4055 ro
658 3997 816 4055 amensa
829 3997 847 4050 ι.
863 3998 979 4053 uniar

393 4091 422 4139 ll
444 4086 538 4141 .r.etir
556 4085 720 4141 indobrstbir
736 4087 785 4138 un
801 4083 889 4137 antu
906 4085 949 4140 des
965 4086 1073 4140 wire.
1089 4086 1252 4140 therma.
1268 4087 1288 4140 t.
1303 4077 1458 4140 aaut·

320 4172 430 4226 reclusi
442 4175 455 4224 l
468 4189 547 4224 rema
561 4171 812 4236 mododrummotur
823 4168 919 4223 auctu
928 4172 1056 4226 nomba&
1067 4171 1096 4224 tn
1107 4189 1156 4224 m
1167 4173 1249 4225 enirn

392 4257 460 4328 (lib)
501 4262 509 4308 l
533 4275 561 4310 .ι.
575 4257 696 4311 ordeles.
710 4256 741 4310 u·
755 4257 944 4326 cassasque
994 4260 1009 4310 2
1029 4275 1058 4310 .ι.
1071 4259 1120 4310 aa(
1136 4263 1208 4312 sust
1219 4277 1247 4311 .ι.
1263 4257 1323 4312 Η
1337 4252 1461 4318 arus-t

321 4341 394 4395 croht

391 4425 1026 4486 3.ι.ινοο1ιοωαι“εὴιιεὺόοι“ηοιοισόωιισίιιω
1082 4429 1321 4484 lutumst
1376 4415 1463 4478 buil

320 4515 336 4564 6
356 4530 384 4564 .ι.
398 4513 514 4566 iuream
525 4513 556 4566 de
591 4517 604 4564 7
622 4513 655 4564 lu'
664 4511 821 4567 oomaisndtt
857 4517 872 4572 8
893 4531 921 4568 ιι.
936 4515 1000 4568 uaelt
1012 4515 1096 4570 Iao&
