2994 5052
283 417 345 479 678
541 418 602 482 IV.
621 425 651 480 3.
684 435 951 481 corruscrtorns
967 435 1188 481 ursnaurcan.

283 586 438 651 Desidere
459 587 545 650 euim
563 587 670 650 videre
684 607 750 663 vos,
768 587 864 650 Rom.
886 594 914 664 1,
935 593 985 649 10.
1007 594 1064 664 11;
1088 587 1111 650 i.
1130 609 1159 650 e.
1177 587 1254 671 quid
1269 595 1380 649 autem
1393 585 1443 648 du·

284 709 335 757 cet
353 716 405 757 me
426 695 466 757 ad
489 693 564 756 rosi
586 715 669 777 resp.
687 693 788 756 desid.
806 696 884 775 etc.)
901 693 977 756 Wb.
997 697 1037 756 1¹.
1061 715 1124 758 am.
1142 695 1180 758 ni
1198 693 1316 758 tisim
1338 693 1443 754 dotar-

284 800 384 864 coscsi
403 800 548 862 riccutsa
569 801 628 862 iim
644 799 702 882 (gl.
721 809 883 882 tamquam
898 819 964 860 non
979 799 1175 862 adventurus
1190 799 1250 862 sim
1265 799 1306 862 ad
1321 819 1390 874 vos,
1407 797 1443 859 sic

284 905 389 968 infiati
417 917 494 968 sunt
522 905 669 988 quidam;
694 903 820 968 reniam
840 915 948 966 autem
971 905 1012 967 ad
1033 927 1088 968 vos
1108 905 1183 982 cito,
1204 912 1233 968 1.
1251 906 1326 968 Cor.
1346 911 1379 980 4,
1400 907 1442 982 tt)

284 1013 360 1075 Wb.
376 1016 418 1073 9⁴.
437 1009 642 1096 ammifdilti
654 1011 713 1072 &m
728 1010 839 1074 calliic
853 1009 888 1072 in
904 1009 998 1072 trt‘bu.
1017 1011 1074 1094 (gl.
1089 1009 1181 1094 quasi
1197 1009 1314 1086 tristes,
1329 1031 1445 1092 semper

284 1129 392 1180 autem
417 1118 611 1200 gaudenteS,
638 1122 669 1178 2.
687 1117 760 1179 Cor.
780 1123 810 1192 6,
831 1123 888 1191 103
911 1116 933 1176 i.
951 1137 980 1179 e.
1007 1138 1117 1180 sumus
1142 1117 1318 1199 gaudentes
1345 1127 1443 1180 autem

285 1223 419 1307 quisque
441 1223 477 1284 in
499 1221 718 1302 tribulatione)
733 1223 808 1284 Wb.
830 1226 892 1285 16⁸.
914 1223 1022 1284 racem
1044 1222 1099 1284 dia
1120 1223 1208 1286 duda
1230 1226 1290 1286 dm
1307 1223 1367 1306 (gl.
1385 1223 1444 1306 ipse

283 1339 392 1392 autem
409 1329 487 1391 deus
502 1340 534 1391 et
548 1337 760 1411 paternoster
774 1326 990 1410 dirigatriam
1004 1337 1145 1391 nostram
1160 1331 1200 1392 ad
1215 1351 1283 1406 ros,
1305 1337 1333 1390 1.
1353 1329 1442 1391 *Πιθε-

284 1435 342 1498 sal.
363 1441 393 1506 3,
415 1441 426 1496 1,
437 1438 467 1516 1)
484 1435 559 1498 Wb.
580 1437 643 1496 25¹.
667 1432 797 1496 indiam
812 1435 859 1496 bia
874 1433 963 1498 indit
979 1435 1062 1498 riam
1081 1457 1115 1497 .r.
1133 1434 1208 1498 inae
1221 1433 1440 1498 ainmniohtte.

284 1541 344 1604 t'ssi
361 1543 412 1602 dm
435 1539 509 1604 inne
529 1538 701 1603 aiamnich.
723 1539 888 1623 parthaici.
912 1541 1055 1604 carebat
1073 1540 1223 1625 treofesia
1246 1541 1305 1624 (gl.
1324 1539 1443 1624 quassi

284 1647 403 1722 flectas,
421 1655 538 1721 mutas,
557 1645 690 1720 vocales,
706 1644 895 1726 significatio
915 1667 1041 1730 quoque
1059 1647 1227 1710 nominum
1242 1667 1309 1710 una
1324 1667 1443 1709 evanes-

285 1753 340 1828 cit,
359 1751 459 1814 Prisc.
481 1757 512 1826 1,
531 1757 566 1825 3;
583 1750 607 1811 i.
621 1771 649 1812 e.
667 1749 857 1834 significatio
872 1771 954 1834 quae
968 1763 1016 1816 est
1030 1751 1121 1815 ineis
1137 1763 1241 1829 antea,
1261 1750 1443 1836 significatio

285 1855 552 1921 denominationis
562 1881 571 1932 ς
595 1865 644 1918 est
664 1878 702 1918 ea
722 1867 829 1919 autem
848 1856 1037 1939 significatio
1052 1859 1279 1922 nominationis
1295 1859 1444 1922 vocalium

286 1985 396 2029 earum
409 1962 545 2047 prolatio
558 1983 614 2046 per
628 1966 675 2043 se)
693 1962 748 2044 Sg.
767 1959 810 2025 11³.
828 1963 884 2026 iar.
903 1965 955 2026 din
970 1964 1097 2028 atbair
1104 1973 1225 2047 portare
1237 1965 1280 2027 rl.
1300 1966 1359 2048 (gl.
1376 1963 1445 2047 quid
1490 1989 1491 1992 ¹

286 2081 393 2134 autem
420 2069 464 2132 sic
495 2067 724 2150 incongruum,
748 2091 926 2152 quam...
948 2116 955 2131 .
979 2069 1112 2153 putare?
1134 2070 1234 2134 Prisc.
1256 2077 1315 2148 13,
1335 2077 1369 2152 6)
1393 2070 1442 2152 Sg.

288 2180 372 2238 211¹.
402 2173 570 2238 Formulee
584 2173 664 2237 noch
679 2176 737 2237 dm
753 2174 898 2258 exempla
913 2197 1009 2258 supra
1022 2176 1146 2259 prolatu
1160 2187 1237 2240 sunt
1252 2179 1300 2260 (p.
1319 2180 1407 2258 667).
1490 2207 1491 2210 ¹

373 2281 506 2344 DIDIU
523 2285 584 2361 (eo,
602 2281 711 2364 igitur,
730 2284 869 2364 autem):
895 2285 932 2344 ni
947 2286 984 2365 ὀρ
1000 2281 1198 2346 thindnacai
1219 2331 1227 2344 .
1249 2329 1256 2346 .
1275 2285 1445 2347 andedam
1490 2285 1491 2336 ἒ

287 2388 379 2452 didio
394 2391 473 2470 (non
493 2388 589 2470 plene
610 2386 760 2469 receptio,
781 2435 789 2449 .
810 2435 817 2449 .
838 2435 845 2450 .
863 2389 948 2472 quod
971 2390 1060 2450 deest
1078 2387 1164 2465 inde,
1182 2389 1296 2472 igitur)
1312 2391 1386 2452 Wb.
1408 2394 1443 2448 1¹.
1490 2455 1491 2458 Ἴ

285 2497 323 2558 m'
341 2517 413 2557 ecco
435 2493 651 2576 atdodiuspud
670 2493 837 2556 asreracht
857 2516 930 2557 cene
952 2493 1053 2556 icitur
1074 2495 1139 2558 dria
1154 2493 1247 2557 didita
1262 2494 1387 2558 aetam
1402 2493 1445 2554 ia·

286 2599 483 2664 cholnichtho
509 2608 539 2662 et
564 2598 696 2682 essdirpi
714 2599 771 2682 (gl.
795 2599 866 2682 quis
892 2601 1061 2663 descendet
1086 2600 1121 2662 in
1146 2599 1320 2684 abyssum?
1346 2600 1379 2661 id
1403 2607 1445 2661 est

286 2705 451 2770 Christum
466 2727 485 2768 a
499 2704 633 2768 mortuis
647 2725 803 2780 revocare,
822 2705 917 2768 Rom.
939 2712 989 2782 10,
1010 2713 1046 2780 7;
1068 2705 1090 2767 i.
1109 2725 1137 2767 e.
1154 2725 1221 2768 non
1236 2727 1364 2769 necesse
1378 2725 1445 2767 eum
1490 2693 1491 2724 ³

286 2811 455 2888 suscitare,
480 2809 652 2873 resurrexit
674 2810 758 2893 jam3
790 2810 908 2874 sufficit
928 2811 1019 2874 nobis
1041 2810 1140 2894 igitur
1161 2813 1241 2874 fides
1263 2809 1445 2874 incarnatio

285 2919 336 2981 nir
360 2929 393 2981 et
414 2915 666 2996 resurrectionis)
682 2915 757 2977 Wb.
776 2911 820 2977 4²¹.
845 2915 928 2980 nitet
945 2915 1148 3000 tortisritoil
1160 2917 1216 2979 de'e
1231 2917 1346 2980 iediiiu
1361 2917 1444 2979 lenm

287 3025 381 3088 didita
399 3023 459 3086 cni
477 3023 612 3086 astordoe
630 3022 742 3084 odiens
765 3023 823 3084 ani
840 3022 1013 3085 asdilmcin
1034 3023 1091 3105 (gl.
1110 3022 1218 3086 omnia
1239 3023 1320 3086 mihi
1341 3022 1441 3094 licent,

287 3129 449 3205 alimenta,
464 3131 519 3192 sed
534 3151 599 3192 non
611 3127 719 3191 omnis
729 3127 915 3210 expediunt,
934 3130 1263 3210 t.00r.10,22)wb.
1278 3125 1342 3190 11¹².
1359 3125 1448 3190 iscad

287 3234 379 3300 didiu
392 3235 514 3318 sortiit
532 3256 596 3317 spe.
618 3283 627 3298 .
646 3281 654 3297 .
675 3281 682 3295 .
700 3233 906 3318 ninfortiitni
925 3233 1065 3316 inspirat
1085 3234 1229 3298 ocsuidiu
1249 3233 1343 3298 ishad
1362 3231 1445 3297 didio

277 3339 419 3426 fortdiit
433 3339 572 3423 inspirat
586 3339 700 3404 iamin.
721 3387 728 3401 .
747 3387 753 3400 .
772 3339 830 3422 (gt.
849 3338 994 3402 similiter
1007 3351 1115 3404 autem
1130 3351 1162 3403 et
1177 3339 1309 3425 spiritus
1324 3340 1445 3422 adjurat

286 3446 504 3511 infirmitatem
515 3457 666 3523 nostram,
677 3447 772 3508 Rom.
782 3451 812 3522 8,
825 3446 879 3526 26)
888 3447 962 3508 Wb.
974 3450 1016 3507 4⁸.
1030 3446 1200 3528 nipanach
1212 3446 1381 3509 dmianse
1390 3445 1444 3508 aa

287 3561 340 3616 act
352 3555 390 3616 ni
403 3552 567 3636 tuccfitder
581 3556 642 3616 rain
658 3551 735 3614 iuna
750 3550 863 3613 cruche
878 3553 956 3614 mad
967 3551 1091 3614 sulbair
1105 3559 1136 3614 et
1150 3552 1229 3614 mad
1239 3555 1281 3614 dn
1294 3553 1446 3635 inprecept

286 3681 366 3722 eruc
388 3659 467 3722 dida
487 3657 576 3730 at'am
597 3657 723 3742 dopnim
738 3655 941 3720 iacdrochtdo
957 3657 1032 3720 aoht
1046 3657 1231 3722 tremiderar
1247 3657 1386 3722 dt'suidiu
1398 3676 1445 3717 co·

287 3764 348 3828 nid
368 3763 465 3826 aimm
487 3763 677 3828 duncdrumr
699 3765 756 3848 (gl.
781 3781 847 3826 non
868 3761 956 3825 misit
977 3783 1030 3826 me
1050 3763 1199 3826 Christus
1217 3765 1375 3847 baptizare
1392 3760 1446 3822 sed

287 3869 519 3953 evangelizare,
548 3891 615 3934 non
647 3871 682 3933 in
708 3868 864 3953 sapientia
889 3867 993 3944 verbi,
1023 3880 1152 3932 utnon
1178 3881 1350 3934 evacuetur
1372 3887 1447 3931 crux

287 3977 419 4054 Christi,
438 3977 534 4040 Rom.
552 3983 580 4054 1,
600 3983 655 4052 ¹⁷3
672 3975 753 4042 dida
766 3995 824 4059 pro
840 3971 944 4052 didio,
957 3985 996 4038 ut
1010 3974 1045 4038 in
1060 3975 1167 4038 dativo
1181 3976 1445 4040 substantivorum

286 4082 322 4146 in
337 4083 387 4146 -iu
401 4095 434 4146 et
449 4087 498 4164 -u)
515 4083 589 4146 Wb.
610 4087 651 4146 8⁸.

373 4197 403 4255 t.
434 4188 759 4271 conjunctiones
789 4209 806 4250 e
833 4186 1218 4270 praepositionibus
1251 4199 1370 4251 summe
1394 4181 1445 4244 vel

287 4315 360 4358 cum
383 4291 501 4358 eisdem
520 4295 729 4378 compositae:
755 4297 782 4371 ό,
800 4313 840 4355 ar
856 4292 991 4375 (cundi,
1008 4298 1116 4376 aran),
1135 4293 1169 4356 cl
1181 4293 1318 4376 (elciaco,
1336 4291 1444 4362 oldaia

285 4401 426 4480 induas),
445 4400 527 4478 rech,
546 4423 613 4478 con,
632 4423 714 4477 occo,
733 4399 809 4464 lose.

375 4485 404 4568 i)
421 4509 541 4589 (praep.
559 4512 625 4590 ex),
644 4505 876 4592 conjunctionis
899 4509 967 4572 ioco
988 4517 1062 4571 ante
1082 4509 1231 4570 verbum:
1255 4513 1273 4570 ὁ
1295 4501 1450 4571 domandae
