3056 5048
425 383 484 448 IV.
505 392 534 446 1.
569 405 740 449 ravanam
755 405 970 450 emersuros.
1220 389 1282 450 575

200 559 230 616 5.
254 554 463 618 Aduerbio
486 553 701 638 primitiva
722 556 773 620 vel
795 555 982 620 obscurioris
998 543 1140 640 originis.
1172 556 1281 620 Cam·

110 661 240 724 brica:
259 682 351 737 neor,
371 660 457 744 byth,
477 669 580 737 ettwo,
597 683 728 747 oamyo.

196 767 325 831 NEUR
341 767 458 850 (jam):
482 766 607 852 oobyaa
632 767 808 852 kfflouoau
824 791 840 830 o
856 769 913 832 neb
929 791 1051 832 ornato.
1069 792 1148 832 neue·
1163 771 1284 834 daroad

110 897 131 959 y
152 872 268 936 arthur
292 872 351 934 tad
367 895 389 957 y
405 872 485 936 tenu
501 875 547 956 (et
564 869 737 956 antequam
751 877 912 938 accederet
927 873 1041 958 aliquis
1056 876 1097 938 ad
1111 897 1197 953 eum,
1215 897 1280 940 cer-

110 1001 197 1054 rum,
212 979 282 1062 jam
297 977 456 1041 abscisum
471 991 539 1042 erat
553 979 583 1041 ei
597 989 694 1063 caput
709 980 748 1042 ab
763 982 821 1064 A.)
838 981 925 1044 Mab.
946 985 976 1058 2,
996 987 1047 1043 22.
1073 981 1180 1064 upton
1195 981 1280 1045 ordi·
1393 999 1400 1012 ·

110 1087 294 1148 wedossoat
312 1107 333 1168 y
357 1085 415 1148 llo.
433 1107 513 1148 neor
527 1085 727 1170 disqyaosset'
740 1085 856 1149 arthur
870 1087 942 1150 oelo
958 1089 1045 1168 (cum
1060 1099 1281 1171 processerunt

1 1279 2 1290 ἵ
111 1189 243 1272 copiae,¹
258 1189 328 1272 jam
349 1191 553 1254 descenderat
573 1196 614 1254 A.
637 1211 711 1254 cum
732 1191 887 1274 exercitu)
911 1194 999 1256 Mab.
1020 1199 1056 1270 2,
1078 1199 1149 1256 380.
1186 1195 1280 1257 Addo

1 1299 2 1374 ]
110 1295 257 1378 exempla
271 1295 444 1358 formarum
455 1297 488 1361 N
489 1298 549 1361 EU
563 1309 595 1360 et
605 1297 746 1360 NEUT:
764 1319 826 1360 nect
838 1297 993 1363 chwitdeu
1000 1322 1072 1382 pao
1085 1300 1277 1364 doethotocd.

1 1439 2 1456 1
110 1423 191 1464 near
210 1400 358 1464 cloettom
372 1425 394 1486 y
410 1403 499 1467 erodi
511 1404 609 1467 otweo
624 1402 764 1487 dyomclt
780 1403 865 1486 (jam
880 1425 935 1468 vos
951 1427 1007 1468 cur
1021 1405 1171 1469 venistis?
1193 1405 1279 1470 veni-

1 1505 2 1558 Ῑ
111 1529 182 1569 mue
203 1507 386 1590 quaesitum
407 1509 448 1572 Ο.
471 1509 571 1572 filiam
594 1511 696 1590 oram)
712 1511 800 1573 Mab.
820 1515 850 1587 2,
870 1515 942 1572 219.
967 1533 1071 1597 qur
1093 1534 1185 1575 rocco
1205 1521 1281 1576 aeut

1 1671 2 1678 ,
110 1634 211 1676 morso
226 1611 348 1676 taeaot
361 1613 423 1694 (vir
437 1613 492 1677 ille
502 1613 570 1698 jam
581 1627 726 1678 mortuus
739 1617 800 1698 est)
815 1621 845 1692 2,
862 1622 913 1678 59.
931 1616 1081 1680 aminaea
1092 1627 1167 1681 aeut
1176 1619 1279 1702 ydyot

1 1725 2 1730 ’
108 1741 153 1804 yn
177 1741 308 1804 yynyoa
330 1719 427 1782 donea
447 1741 487 1806 oy
508 1721 611 1805 esyyll
631 1721 715 1804 (jam
737 1733 814 1784 sunt
834 1723 994 1786 destructa
1015 1723 1192 1806 fragmenta
1211 1723 1280 1786 olae

108 1828 213 1907 meae)
231 1831 263 1902 2,
283 1831 356 1888 283.
390 1824 572 1903 Quaeritur,
590 1847 632 1889 an
652 1847 718 1888 non
739 1827 780 1890 sit
795 1851 855 1890 nco
870 1829 969 1892 formo
984 1827 1144 1912 primaria,
1162 1849 1201 1891 ex
1216 1849 1278 1911 qua

108 1953 190 1994 neor
204 1951 280 1995 cum
294 1931 474 2015 praeterito,
492 1941 568 1996 aeut
581 1953 655 1995 cum
669 1933 854 2015 praesente?

194 2037 326 2100 BYTH
342 2041 476 2122 (augens
497 2039 762 2122 significationem
784 2039 900 2122 verbi):
926 2061 965 2102 or
981 2039 1050 2103 llew
1066 2039 1141 2126 oytb
1154 2063 1198 2126 yn
1214 2041 1278 2106 dis-

1 2185 2 2212 2
105 2143 228 2228 qrecdu
243 2145 290 2224 (et
301 2144 350 2207 leo
362 2145 511 2222 multum,
527 2143 694 2221 instanter,
709 2143 855 2228 ejulavit)
869 2145 956 2209 Mob.
976 2153 1004 2222 1,
1021 2151 1071 2208 36.
1089 2145 1174 2231 yrost
1184 2149 1278 2210 adua

107 2249 156 2312 mi
181 2249 312 2334 arodus
330 2247 415 2338 idaeo
436 2248 535 2312 uarols
558 2271 596 2312 ac
618 2271 718 2313 orueu
741 2249 815 2334 byth
838 2253 907 2334 (per
927 2253 1040 2329 deum,
1066 2273 1124 2333 ego
1146 2251 1227 2315 dabo
1249 2251 1279 2315 ei

107 2377 229 2436 equum
244 2366 277 2417 et
293 2375 379 2417 arma
394 2359 491 2438 certe)
511 2362 539 2431 1,
560 2362 611 2418 29.
632 2379 674 2440 oy
691 2357 782 2420 doeth
796 2356 871 2440 vytt
887 2357 1065 2442 drocbffyn
1082 2361 1161 2438 (non
1176 2380 1278 2422 rever-

107 2481 163 2522 sus
185 2471 236 2523 est
256 2481 400 2543 unquam
415 2460 563 2544 iterum),
586 2485 629 2546 oy
646 2463 802 2547 dywedof
809 2485 914 2547 yoaeo
928 2462 976 2524 eir
991 2463 1065 2548 tytt
1081 2465 1161 2545 (non
1176 2465 1277 2528 dicam

1 2647 2 2652 η
106 2567 242 2630 verbum
257 2566 409 2650 amplius)
429 2575 456 2643 1,
477 2573 527 2630 32.
548 2573 620 2630 262.

195 2673 358 2736 ETTWA
372 2673 501 2753 (adhuc,
511 2673 612 2756 jam):
631 2682 689 2758 ayt
703 2682 751 2736 oet
764 2673 833 2758 ymi
846 2681 940 2737 ettwo
951 2675 1088 2738 wreioko
1100 2677 1179 2756 (non
1191 2687 1277 2739 aetas

105 2778 188 2842 mihi
204 2779 311 2842 adhuc
327 2779 462 2841 ducendi
475 2783 621 2860 uxorem)
635 2781 723 2842 Mab.
740 2783 770 2856 2,
789 2785 860 2842 199.
872 2779 952 2861 poth
964 2801 999 2842 or
1011 2780 1093 2844 coeit
1104 2789 1195 2844 ettwo
1208 2782 1278 2863 (uli-

105 2885 184 2968 quid
201 2884 287 2947 vitae
303 2883 418 2960 adhuc,
436 2885 471 2947 in
486 2887 624 2968 mortuo)
642 2890 672 2961 2,
693 2891 744 2947 58.
767 2907 883 2970 aywon
900 2893 985 2969 awyt
999 2884 1071 2948 iactr
1086 2885 1170 2948 down
1186 2894 1278 2950 ettwo

105 2989 242 3070 (nasein,
260 2989 383 3072 anjam
398 3001 447 3052 sat
462 3012 558 3054 sanus
574 2990 631 3074 sis)
649 2995 678 3067 2,
698 2998 749 3053 56.

193 3097 365 3159 ΝΑΜΥΝ
387 3098 559 3178 (tentum):
589 3118 707 3182 nomyn
733 3119 773 3159 oa
799 3096 871 3158 mod
897 3115 982 3158 mom
1003 3115 1024 3157 a
1046 3094 1116 3159 ttat
1136 3097 1281 3160 oedwat'

1 3193 2 3268 }
105 3205 251 3282 (tantum
266 3222 352 3264 unus
367 3201 453 3264 filius
468 3201 577 3264 matris
593 3213 625 3264 et
639 3203 737 3284 patris
754 3204 853 3282 oram)
870 3203 958 3264 Mab.
978 3207 1005 3277 1,
1022 3205 1052 3262 2.
1082 3202 1132 3264 Cf.
1150 3202 1275 3267 hibern.

1 3311 2 3358 ἶ
103 3309 258 3380 ηαηυηά,
281 3306 438 3368 cambriae
460 3317 566 3370 tamen
587 3307 744 3391 porticula
765 3327 839 3370 cum
860 3306 1029 3389 negatione
1050 3308 1183 3372 transire
1199 3311 1279 3373 solet

1 3459 2 3486 2
103 3413 139 3475 in
155 3411 425 3496 significationem
440 3412 673 3496 conjunctionis
689 3412 826 3489 nonnisi,
845 3420 980 3493 excepto.

193 3517 382 3581 Cornica.
415 3518 643 3602 Frequentiora
663 3529 740 3582 sunt
762 3517 836 3602 byth
857 3518 1034 3600 (omnino),
1053 3539 1123 3600 por
1144 3519 1274 3602 (valde),

102 3623 188 3687 illud
222 3645 344 3706 augens
378 3623 643 3706 significationem
669 3623 774 3700 verbi,
804 3624 863 3686 hoc
889 3623 1046 3706 adjectivi.
1090 3625 1274 3686 Praetereo:

103 3730 227 3815 neffra,
246 3729 350 3813 aeffre
365 3733 515 3814 (semper)
531 3732 622 3793 Paos.
642 3737 672 3806 5,
691 3737 721 3791 4.
740 3737 789 3806 17,
805 3737 836 3792 4.
854 3737 904 3806 78,
922 3737 950 3792 1.
962 3751 1069 3812 porea
1085 3731 1195 3810 (recta,
1214 3741 1276 3792 sta·

104 3836 180 3916 tim)
198 3842 251 3911 66,
272 3842 302 3898 3.
322 3840 394 3912 210,
416 3843 445 3898 3.
463 3837 780 3918 oentoa(==camb1·.
799 3837 932 3919 rooneyo)
947 3835 1077 3898 fortasse
1092 3835 1206 3919 conjici
1220 3857 1276 3919 po·

103 3941 181 4005 terit
198 3963 215 4004 e
232 3943 322 4004 Paos.
343 3947 394 4017 82,
415 3949 432 4003 4
449 3945 669 4026 (promenus).
691 3947 762 4018 146,
779 3945 808 4003 2.

194 4047 420 4110 Armorica:
445 4071 539 4110 neure
555 4049 677 4128 (tunc),
702 4069 782 4130 quea
798 4045 868 4127 (ita,
896 4057 970 4122 tam,
994 4055 1069 4108 ante
1091 4045 1273 4128 adjectiva),

105 4153 175 4216 cao
191 4152 297 4234 (satis)
317 4153 351 4214 in
368 4153 452 4216 Buh.
471 4153 651 4235 frequenter
673 4151 775 4215 obvia.
808 4151 1058 4216 commonefacit
1077 4173 1172 4214 oense
1192 4173 1276 4213 cam-

105 4241 188 4320 brici
201 4279 274 4334 neu,
289 4280 388 4332 neum
406 4281 486 4341 quea
502 4257 650 4320 cambrici
666 4258 756 4342 hya,
772 4257 835 4319 nisi
850 4257 1091 4341 praeferendum
1107 4255 1170 4337 adj.
1185 4277 1274 4332 caea,

107 4363 181 4426 coia
197 4365 340 4446 (bonus).
369 4366 462 4428 Addo
477 4363 540 4426 olio
555 4365 710 4446 quaedam
725 4361 913 4425 obscurioris
928 4361 1075 4444 originis:
1094 4361 1277 4446 tiaz'ziqoea

108 4467 205 4549 (jam,
222 4469 354 4551 abhinc)
371 4469 457 4531 Buh.
477 4473 528 4546 28,
549 4473 600 4530 22.
623 4473 693 4543 122,
716 4476 742 4530 1.
761 4475 832 4544 188,
852 4475 900 4528 11.
920 4467 1096 4550 bizuiqoeo,
1115 4466 1277 4550 bizoiqoen
