2978 5054
242 393 301 456 VI.
321 399 350 454 2.
385 401 608 459 consecuturo
623 415 763 460 roumca
778 415 976 459 Hieronica.
1132 399 1195 460 943

59 553 194 624 “Patricius
209 587 272 626 cunr
287 570 343 626 luit
357 571 388 626 in
403 570 579 640 infirmitate,
598 571 691 628 voluit
705 570 747 626 ire
762 571 908 639 Mmhmn,

60 671 189 742 praecessit
202 671 319 746 angelus
335 689 432 748 coram
446 691 481 729 eo
495 674 527 730 iu
540 673 588 730 via
602 673 698 730 media
712 659 793 729 die.''

125 803 178 865 vel
198 805 290 867 etiam
313 808 640 889 praeterea-diversae
662 805 771 870 classis
794 827 932 869 consona
948 805 1101 870 associata
1117 809 1193 893 legi-

59 917 106 984 tur,
121 930 144 971 e.
159 931 202 993 gr.
220 911 253 973 in
269 912 343 975 dist.
364 919 380 974 3
398 925 430 976 et
446 919 504 976 21:

161 1054 217 1110 Boi
228 1059 258 1112 ae
274 1055 391 1114 bliadno
406 1057 572 1138 luisoqaum
589 1051 599 1140 Ι
616 1057 705 1114 maiae
719 1057 798 1116 doira
811 1057 972 1114 noetomled

160 1154 236 1212 batur
250 1159 288 1214 ile
306 1153 311 1236 Ι
331 1159 477 1234 cathras'qa
493 1153 503 1240 ΙΙ
528 1161 533 1247 Ι
552 1159 648 1216 cethar
665 1158 739 1215 trabe
754 1155 952 1236 da'asognad.*

54 1257 126 1328 “Fuit
138 1291 185 1330 sex
198 1295 289 1364 annos
304 1277 336 1334 in
350 1278 499 1348 servitute,
520 1279 617 1335 cibum
631 1297 781 1334 servorum
796 1279 976 1348 comedebat,

54 1371 149 1434 fuerumt
161 1378 267 1436 multae
282 1379 425 1450 civitates,
446 1387 571 1454 quatuor
584 1380 640 1436 vici
656 1381 762 1455 quibus
778 1367 955 1438 serviebat.”

154 1517 212 1574 For
230 1513 235 1598 Ι
257 1519 350 1576 tuaitlr
366 1519 452 1576 broad
465 1517 514 1574 hai
530 1516 536 1592 Ι
557 1513 663 1601 tenneli]
686 1513 690 1604 Ι
709 1527 788 1576 tuoto
803 1520 904 1576 adorta
919 1521 979 1578 ldla

155 1619 187 1676 m'
199 1621 332 1679 claret'tact
345 1621 375 1679 ia
394 1617 399 1702 Ι
410 1622 562 1699 firdeuclst
577 1615 587 1702 ΙΙ
604 1621 673 1678 iana
690 1621 804 1680 tribuite
823 1616 827 1702 Ι
838 1623 921 1697 sire.
934 1618 965 1652 **

47 1722 143 1810 “Super
152 1739 292 1814 populum
300 1741 459 1797 Hiberniae
472 1742 590 1798 fuerunt
601 1741 747 1809 tenebrae,
761 1739 881 1814 gentilia
892 1740 1012 1798 adorata
1021 1753 1090 1802 sunt
1101 1745 1188 1818 idola,

49 1855 95 1894 non
107 1842 284 1899 crediderunt
298 1861 396 1898 veram
405 1837 549 1900 ¹deitatem
564 1843 701 1900 trinitatis
716 1829 835 1899 verae.'’

116 1977 253 2060 Utraque
274 1977 475 2042 resonantiae
497 1977 603 2041 finalis
625 1988 784 2042 structure
806 1975 967 2042 alternans
989 1979 1144 2062 reperitur
1158 1981 1192 2045 in

46 2099 96 2142 uno
120 2083 256 2148 carmine
278 2083 366 2147 brevi
388 2083 529 2166 ejusdem
550 2105 700 2148 versuum
721 2082 859 2146 ambitus
882 2097 1045 2167 sequente.
1079 2088 1138 2152 Est
1158 2087 1193 2152 in

46 2183 158 2252 disticho
172 2211 238 2254 uno
255 2189 439 2254 assonantia
453 2189 643 2274 copulativa,
661 2189 695 2252 in
710 2189 810 2252 altem
825 2191 1050 2272 contraposita.

111 2294 184 2359 Fuit
205 2297 369 2382 quondam
392 2296 585 2360 celebratum
606 2293 641 2358 iu
658 2293 870 2360 Hiberniam
891 2295 979 2360 haud
1002 2298 1097 2361 dubie
1119 2303 1193 2382 poi·

44 2443 200 2460 -—-..-..-
207 2454 230 2461 ,-

42 2539 93 2595 dina
103 2543 221 2612 Machae,
237 2548 320 2618 urbi),
341 2547 407 2602 item
424 2549 453 2602 iu
471 2550 548 2603 Actis
566 2549 615 2604 SS.
632 2549 714 2620 (Boll.
736 2548 815 2602 Febr.
832 2551 855 2614 1,
873 2551 1023 2620 126.161)ι
1041 2547 1191 2622 “oppidum

41 2621 191 2697 Maccnum”‚
208 2631 369 2704 “oppidum
380 2631 505 2699 Macba'’,
519 2635 601 2704 juxta
619 2635 693 2705 quod
708 2632 838 2704 “campus
855 2632 982 2688 Macha”.
1009 2637 1191 2692 anaadonlatlse

40 2712 112 2766 wnbo
128 2734 175 2786 pro
187 2717 284 2772 -taitke
303 2718 331 2772 iu
344 2719 424 2772 editis
436 2719 471 2772 ob
484 2721 674 2785 assonantiam,
689 2739 751 2774 cum
763 2720 800 2773 sit
812 2720 893 2774 etiam
904 2727 1011 2776 vetusta
1022 2721 1109 2776 forma
1121 2723 1193 2778 aab

41 2794 70 2866 lp.
80 2803 146 2874 2811),
160 2805 230 2860 etin
244 2804 308 2858 dist.
324 2807 356 2858 26
368 2813 492 2859 occurrat
503 2805 620 2860 ittrtba'u.

93 2887 104 2914 '
120 2889 180 2944 Hoc
191 2910 228 2946 ex
239 2891 321 2946 anuis
332 2890 501 2962 juvenilibus
515 2893 543 2946 S.
557 2892 677 2946 Patricii.
702 2892 801 2957 Mane,
816 2891 983 2956 alimentum,
999 2893 1080 2946 etiam
1091 2893 1190 2961 hodie;

40 2975 161 3040 aqueum
178 2977 208 3032 iu
228 2977 325 3032 editisr
346 2977 428 3032 muna
445 2975 521 3030 daim
539 2975 686 3044 numana,
699 2978 789 3032 cibum
801 2977 941 3030 bominum
955 2994 1010 3030 non
1022 2979 1190 3046 comedebat,

38 3051 104 3110 ulmis
121 3058 229 3128 durum,
245 3062 300 3116 levi
312 3062 462 3118 mutatione
474 3062 582 3116 restitui
594 3071 626 3116 ut
638 3081 728 3134 supra.
742 3061 894 3125 normanica,
910 3068 1014 3127 asoa-t„
1029 3081 1090 3116 cum
1102 3083 1136 3117 ao
1149 3083 1193 3118 co-

37 3138 90 3192 mite
105 3161 189 3214 praes.
209 3165 267 3200 aec.
286 3155 314 3202 et
333 3149 429 3202 tomlad
444 3173 479 3190 =
496 3147 675 3216 do-somclad.
706 3147 879 3201 Constructio
899 3147 991 3200 eadem
1016 3157 1046 3200 ut
1063 3166 1145 3220 supra
1163 3151 1192 3204 iu

36 3224 107 3280 norit
123 3230 283 3301 mesomed-
298 3231 332 3285 2¹10
349 3232 493 3302 saaraim,
509 3239 586 3288 extra
602 3232 824 3303 compositionem
843 3239 871 3286 et
887 3249 947 3284 cum
965 3232 1154 3287 terminatione
1166 3254 1192 3288 -a

35 3313 161 3379 superflua,
173 3323 287 3388 propter
298 3323 414 3372 metrum
426 3327 459 3372 ut
469 3319 577 3374 videtur
584 3341 591 3384 ς
607 3325 648 3372 est
660 3317 732 3370 euim
744 3316 810 3370 alibi
822 3316 983 3386 ilctatbraiq
998 3316 1036 3388 (p.
1048 3319 1120 3390 275).

78 3395 102 3422 ⁸'
121 3401 226 3468 Tacta,
248 3402 303 3474 adj.
325 3408 396 3457 tuate
412 3423 461 3476 pro
484 3405 591 3458 tuatbde
612 3404 649 3474 (p.
665 3403 741 3474 765),
762 3402 881 3476 gentilis.
901 3403 995 3456 adorta
1013 3403 1083 3474 plur.
1104 3412 1190 3475 praet.

33 3491 92 3545 [³⁸³³-
106 3483 141 3556 (p.
155 3489 219 3559 los)
235 3505 252 3540 a
270 3487 353 3542 verbo
371 3487 457 3544 udrad
469 3489 612 3561 (adorare).
629 3487 734 3542 nuncia
753 3494 819 3558 puto
837 3488 937 3542 rectius
955 3489 1035 3542 scribi
1056 3487 1189 3556 tricubita,

31 3577 84 3631 gen.
96 3569 180 3624 subst.
195 3573 310 3627 triado'it
320 3575 429 3628 formati
440 3583 472 3629 ut
484 3575 631 3628 Ιιιιηιαὶᾱόίί
644 3575 681 3645 (p.
697 3573 769 3644 141).

64 3654 102 3681 “’
117 3655 177 3710 Jam
186 3659 329 3729 cognitum
337 3667 379 3713 est
386 3659 609 3714 auctoriVitaeS.
618 3660 739 3730 Brigitae
747 3659 862 3730 scriptae
871 3659 942 3713 circa
950 3675 975 3713 a.
984 3663 1044 3724 1180,
1053 3667 1086 3714 ut
1093 3661 1192 3714 editori

30 3735 243 3797 verisimillimum
256 3751 298 3798 est
313 3743 394 3815 (Bell.
409 3745 489 3800 Febr.
507 3750 529 3811 l,
546 3745 616 3817 102),
631 3763 700 3816 quae
713 3745 779 3798 haec
793 3745 876 3798 refert
889 3745 965 3815 (ibid.
980 3763 1008 3815 p.
1024 3746 1082 3817 171)
1095 3767 1102 3800 a
1113 3745 1193 3817 “ipsa

25 3819 73 3888 iem
89 3827 184 3894 aciens,
200 3829 277 3899 quod
294 3827 351 3884 dies
365 3831 590 3885 remunerationis
604 3847 667 3884 auae
680 3830 808 3895 instabat,
823 3831 930 3884 dicebat
942 3829 1007 3894 suis,
1023 3830 1097 3898 quod
1109 3829 1192 3883 vellet

28 3909 169 3978 *pulcrum
183 3914 213 3968 S.
229 3915 340 3970 Patricii
357 3916 550 3989 archiepiscopi
566 3915 675 3972 visitare
693 3923 755 3968 ante
772 3923 887 3969 mortem
905 3931 990 3969 suam.
1016 3913 1080 3984 Ipsa
1098 3921 1189 3968 autem

25 3993 116 4051 ruebas
127 4017 156 4053 se
169 4017 229 4054 non
241 4017 406 4056 reversuram
419 4003 528 4074 quidem
541 4019 660 4073 corpore,
675 4007 703 4056 et
714 4002 766 4056 iter
777 4001 878 4054 faciens
892 3997 1126 4053 benedicebat
1143 4006 1190 4052 to·

25 4083 81 4132 tam
99 4083 311 4139 Hiberniam
329 4105 368 4141 ex
386 4089 478 4142 omni
502 4095 614 4159 parte,
629 4087 700 4140 sicut
711 4087 846 4158 praecepit
859 4087 887 4140 S.
902 4084 1035 4139 Patricius
1048 4083 1190 4154 episcopus

24 4166 130 4223 noricus
148 4177 178 4224 et
197 4170 307 4226 dicens:
327 4173 393 4226 Per
415 4175 566 4245 triginta
589 4191 699 4226 annos
719 4174 751 4225 B.
772 4172 924 4242 Brigida
948 4175 1191 4242 postmortem

23 4263 118 4306 usam
134 4254 291 4310 benedic
310 4257 524 4313 Hiberniam.
548 4259 586 4311 Et
597 4259 707 4312 veniens
720 4257 888 4311 sanctissima
900 4257 928 4310 in
940 4254 1122 4328 aquilonalem
1134 4253 1190 4324 pla·

21 4347 76 4404 gam
89 4338 252 4406 Hiberniae,
267 4341 393 4397 uidelicet
404 4343 432 4396 iu
446 4344 611 4416 provinciam
624 4343 758 4408 Ultorum,
770 4341 882 4412 Brigida
893 4341 967 4394 illico
979 4340 1119 4394 doloribus
1133 4357 1190 4393 cor-

21 4432 89 4492 upra
100 4433 151 4492 eet,
164 4434 195 4480 et
207 4433 271 4498 post
282 4427 363 4482 breve
374 4427 492 4501 spatium
505 4429 633 4500 temporis
646 4429 718 4482 inter
729 4427 931 4481 multitudinem
943 4433 1107 4489 sanctorum,
1118 4432 1190 4477 aeta·

22 4505 125 4566 tisanae
137 4531 215 4566 anno
229 4515 402 4583 octogesimo,
418 4531 506 4568 anno
529 4531 611 4568 vero
630 4513 816 4584 trigesimo
834 4517 895 4582 post
907 4511 1012 4564 obitum
1026 4511 1054 4565 S.
1069 4509 1189 4574 Patricii
