2978 5054
222 399 277 461 VI.
300 406 327 460 1.
361 417 449 462 oano
464 415 743 465 cousrauomonrs
760 415 997 463 aarrnnrrcaa.
1130 399 1190 462 901

62 569 158 632 viderat
170 568 336 645 mulierem,
350 577 463 651 captus
475 577 523 631 est
534 567 603 650 ejus
615 589 720 630 amore
732 568 832 630 donec
844 577 927 630 esset
937 565 1052 650 plenus
1064 588 1101 631 eo
1113 589 1190 652 quo·

60 695 160 757 cunque
172 675 248 755 loco)
267 682 294 751 1,
314 679 365 736 17.

122 781 203 843 Duae
227 780 275 844 vel
300 781 409 863 plures
436 778 612 842 sententiae
638 779 665 842 si
690 789 768 842 sunt
792 777 1028 860 constructione
1043 779 1187 863 junctae,

58 886 130 949 verbo
144 885 339 948 affirmativae
354 884 453 968 partis
469 885 687 968 cujuscunque
702 883 934 967 praegredienti
949 887 1126 950 secundum
1141 911 1189 952 so·

56 990 124 1054 litam
138 1001 318 1054 structuram
334 989 490 1073 particula
504 1013 536 1074 y,
550 991 598 1074 yd
609 989 834 1074 praemittitur,
849 992 977 1072 quando
992 1013 1057 1055 non
1072 995 1191 1058 adsunt

56 1095 261 1178 conjrmctiones
284 1095 463 1178 primitivae
478 1094 546 1176 pei,
565 1119 636 1180 eya,
654 1104 716 1180 cyr,
736 1119 795 1159 can
811 1107 885 1172 etc,
903 1105 941 1159 ut
961 1097 996 1160 in
1017 1099 1189 1183 multiplici

54 1201 183 1264 nutantia
196 1203 289 1264 modo
304 1201 444 1284 prolata:
461 1223 482 1285 y
499 1201 592 1264 deaei
604 1223 678 1285 -y
695 1200 843 1264 11111111-
857 1224 878 1284 y
895 1201 990 1284 dypct'
1004 1228 1062 1279 -ς
1081 1203 1115 1267 in
1131 1206 1188 1268 du·
1259 1211 1262 1216 '

52 1303 124 1387 plicis
136 1305 225 1390 hujus
240 1308 380 1370 secunda
394 1319 484 1389 parte
494 1329 501 1368 ε
513 1305 573 1388 pei
584 1306 733 1391 quppec'
744 1305 946 1391 ymcrcbawc
956 1306 1065 1394 hynny
1075 1310 1191 1394 ydeuei

50 1409 94 1491 ytb
110 1412 257 1497 cmdiffyn
280 1412 322 1492 (si
344 1411 438 1474 sciret
458 1433 553 1494 eques
575 1412 653 1488 hoc,
678 1411 801 1475 veniret
822 1421 853 1474 te
874 1417 1065 1495 protectum)
1084 1421 1113 1491 1,
1134 1421 1185 1478 32.

50 1515 108 1578 Non
121 1528 163 1580 est
176 1518 236 1582 alia
250 1517 445 1582 constructio
459 1539 563 1602 saepe,
581 1518 608 1580 si
622 1518 721 1582 altera
735 1539 807 1600 pars
823 1539 896 1580 cum
910 1517 1014 1600 priore
1029 1529 1078 1582 est
1092 1520 1126 1584 in
1141 1544 1188 1585 re·

50 1619 154 1698 latione,
170 1623 213 1685 ita
233 1633 273 1688 nt
292 1623 475 1686 inveniatur
495 1623 530 1686 in
545 1621 701 1686 cambrica
716 1621 827 1705 lingua
841 1623 998 1707 particula
1012 1627 1189 1691 sententiae

48 1727 193 1805 absolutae,
217 1729 274 1792 ubi
296 1728 330 1792 in
353 1729 423 1792 aliis
443 1728 595 1812 legtmtur
614 1727 781 1791 relativae:
806 1728 925 1814 lyspys
945 1752 995 1814 yw
1015 1734 1189 1818 qeanyfiy

48 1832 201 1917 1111111111
215 1836 256 1919 ef
265 1837 468 1917 (persuasum
483 1845 531 1898 est
545 1834 636 1910 mihi,
652 1835 736 1916 quod
747 1833 855 1898 venies
868 1845 904 1898 tu
915 1857 989 1898 curn
1001 1843 1051 1919 eo)
1068 1845 1096 1915 1,
1113 1843 1186 1904 259.

47 1937 107 2001 trbr'c
117 1962 162 2022 yar
173 1941 304 2026 pennyf
312 1940 327 2002 i
340 1939 442 2023 lapan
456 1965 477 2026 y
490 1940 601 2026 dypcfi
609 1963 631 2025 y
643 1938 822 2002 marcbcwc
830 1941 900 2024 qyd
908 1941 976 2004 cmi
985 1944 1073 2023 (vero
1085 1943 1188 2010 simile

47 2055 82 2106 est
93 2045 165 2110 mihi
179 2057 299 2122 tamen,
318 2047 403 2128 quod
416 2047 531 2108 ducam
546 2044 685 2128 equitem
700 2065 843 2120 meeum;
867 2045 922 2109 ubi
938 2047 1033 2112 etiam
1048 2049 1083 2112 in
1097 2061 1188 2134 parte

45 2149 122 2229 priori
139 2154 269 2216 verbum
289 2151 525 2215 substantivum
540 2171 614 2213 cum
628 2149 808 2234 praedicato
824 2161 984 2215 mutatum
998 2153 1034 2216 in
1048 2155 1188 2220 activum

44 2256 151 2321 verbum
165 2279 231 2324 esse
246 2258 364 2343 possit:
389 2280 410 2342 y
428 2257 554 2340 tebr'qaf
562 2256 576 2319 i
588 2256 701 2339 bayon,
720 2257 923 2319 adverbum:
946 2259 1050 2342 cogito
1067 2271 1184 2338 tamen,

43 2359 174 2426 abducam
189 2365 346 2447 equitem)
364 2370 393 2439 1,
408 2367 481 2424 259.
504 2362 679 2445 brodoryon
693 2383 748 2445 pm
763 2361 800 2424 ni
813 2383 852 2424 cr
864 2384 969 2448 ywrp
986 2365 1188 2431 1111111111ίῆ-

41 2484 95 2549 uyr
109 2491 169 2553 yny
193 2477 225 2555 ry
243 2468 386 2552 (cognati
406 2489 516 2532 sumus
539 2488 612 2529 cum
629 2466 707 2544 viro,
726 2465 761 2528 in
776 2466 866 2550 cujus
882 2469 975 2532 domo
991 2469 1081 2533 fuisti
1095 2484 1188 2535 nocte

41 2573 201 2650 praeterita;
227 2577 270 2639 ad
289 2575 438 2638 verbum:
463 2572 591 2655 cognati
605 2593 715 2636 sumus
730 2595 804 2636 cum
819 2574 897 2650 viro,
915 2574 1005 2638 fuisti
1019 2575 1189 2657 praeterita

39 2687 114 2740 nocte
136 2679 169 2742 in
194 2679 265 2763 ejus
292 2681 399 2762 domo)
418 2687 447 2754 1,
467 2683 539 2740 247.
572 2679 656 2740 Item
682 2678 717 2740 in
740 2679 838 2761 Leg.:
869 2679 944 2764 llety
971 2701 1006 2742 er
1031 2689 1125 2764 epact
1150 2703 1189 2744 ec

40 2785 153 2848 atoacll
170 2787 309 2870 ebrenya
327 2807 363 2848 er
376 2785 438 2850 hon
455 2785 508 2848 ebo
523 2806 562 2847 ca
577 2784 670 2846 Ireacc
686 2785 768 2868 carly
785 2784 995 2864 (domicilium
1006 2785 1124 2870 judicis
1140 2795 1189 2849 est

38 2889 199 2954 cubiculum
221 2891 307 2974 regis
329 2890 362 2954 id
384 2889 420 2952 iu
442 2911 505 2973 quo
526 2889 657 2972 dormit)
677 2897 705 2952 1.
727 2895 776 2952 11.
796 2897 826 2952 1.
850 2891 998 2975 ffeyrpat
1016 2913 1188 2977 aaranynea

38 2993 116 3078 adalp
134 2997 239 3080 dyllar
259 3017 432 3081 eareayaes
447 3017 482 3058 er
496 2994 563 3058 bun
577 3002 733 3080 ypenytyo
749 2995 853 3058 endan
869 2998 1046 3080 (presbyter
1059 2997 1188 3080 reginae

37 3097 113 3163 lebet
126 3101 241 3168 habere
257 3101 484 3166 vestimentum
499 3101 627 3184 reginae
641 3101 675 3164 id
689 3100 724 3164 in
739 3122 802 3184 quo
817 3100 926 3164 fecerit
943 3102 1188 3190 poenitentiam)

39 3209 61 3265 1.
76 3210 121 3269 21.
140 3215 169 3270 6.

103 3314 177 3378 Non
197 3315 318 3378 mirum
341 3323 450 3378 tamen
471 3335 540 3378 esse
560 3323 683 3399 potest,
704 3337 770 3378 non
793 3324 993 3380 constantem
1014 3339 1082 3380 esse
1101 3317 1189 3382 hunc

36 3434 113 3484 urum
132 3421 309 3503 particulae
331 3419 493 3484 absolutae
512 3443 534 3506 y
556 3419 591 3482 in
614 3421 772 3484 sententia
792 3420 933 3484 relativa.
967 3423 1137 3506 Leguntur
1158 3447 1186 3488 c.

34 3539 72 3600 gr.
87 3545 155 3590 cum
171 3550 192 3590 a
207 3527 272 3591 alia
286 3527 432 3611 exempla
446 3525 579 3590 relativa
593 3525 628 3588 in
640 3528 729 3591 Mab.
743 3551 750 3590 ι
768 3526 897 3592 minnan
912 3531 1064 3612 capenas
1071 3551 1112 3614 yr
1122 3553 1189 3615 ym-

34 3625 118 3692 datan
138 3634 180 3696 da
203 3632 339 3696 oedewit
358 3657 379 3718 y
395 3632 523 3696 minnere
538 3632 596 3696 tet
611 3655 633 3718 y
648 3633 702 3696 kei
716 3637 788 3718 (ego
803 3633 874 3696 volo
889 3634 1104 3698 narrationem
1118 3637 1189 3719 pul-

34 3729 126 3798 ebrum
134 3759 216 3820 quae
226 3759 374 3802 concessa
381 3738 528 3816 estmihi,
539 3738 720 3822 inquitG.),
727 3741 830 3825 qofyn
840 3739 1190 3826 coruclryncnyrbyna

32 3841 196 3907 amasset
217 3843 334 3908 arthur
355 3845 458 3908 odunt
473 3847 635 3927 (quaerere
657 3845 761 3928 coepit
775 3847 813 3910 O.
831 3845 864 3908 id
887 3847 972 3929 quod
993 3857 1191 3909 concesserat

32 3941 65 4004 l.
77 3946 131 4028 ais)
146 3957 176 4025 1,
193 3954 225 4012 2.
244 3949 418 4034 teyach'yro
432 3972 473 4034 yr
488 3950 613 4036 hccras
621 3953 764 4016 caedunt
778 3951 849 4036 bray
864 3973 923 4016 aar
934 3973 1061 4035 canayo
1074 3951 1198 4035 deckcf

31 4051 156 4116 cuelcist
176 4053 204 4118 a·
224 4055 343 4138 eiryoet
364 4077 407 4140 yn
428 4077 510 4140 ynye
524 4056 666 4140 prydcia
682 4056 860 4138 (formosior
874 4067 923 4120 est
937 4057 1074 4120 maxime
1090 4057 1190 4126 defor-

31 4153 133 4220 miser
148 4159 206 4232 eis,
226 4183 322 4244 quam
338 4162 446 4244 puella
460 4161 697 4238 formosissima,
713 4185 808 4245 quam
823 4161 932 4226 vidisti
947 4171 983 4224 tu
997 4182 1141 4243 unquam
1157 4160 1191 4224 in

32 4255 126 4326 insula
135 4265 321 4348 Britannia)
333 4274 361 4344 1,
372 4275 402 4344 4,
413 4267 448 4330 in
460 4267 575 4351 quibus
589 4269 628 4330 ab
640 4267 793 4350 exemplis
805 4263 986 4330 memoratis
998 4288 1063 4332 non
1076 4266 1191 4331 discor-

30 4361 94 4428 dare
108 4369 236 4436 videtur
250 4373 298 4457 yd
312 4372 431 4449 adroic,
445 4373 492 4458 yd
505 4373 673 4450 adawasei,
687 4371 860 4458 ypwcleist
875 4371 909 4449 a,
925 4382 957 4434 et
969 4371 1014 4434 eis
1026 4371 1107 4434 bene
1118 4393 1192 4435 con·

29 4473 145 4538 cordare
160 4499 237 4542 curn
253 4479 440 4560 pronomine
454 4479 614 4564 personali
630 4479 713 4561 (loco
729 4477 839 4546 suffixi
853 4477 887 4542 iu
903 4479 1019 4555 endan,
1038 4477 1134 4562 cndy)
1149 4479 1196 4564 yd
