2978 5054
315 366 375 426 954
523 367 582 429 v1.
603 373 632 428 2.
664 387 887 430 constructio
904 387 1040 432 normes
1058 388 1269 432 sarranates.

464 545 532 599 Non
547 551 688 600 memorat
704 541 877 600 Gododinus
893 543 923 597 in
939 542 1002 598 solo
1018 543 1156 618 Mordeji.

463 653 530 701 ante
546 645 701 701 tentorium
718 645 847 702 Matauci
863 663 929 700 cum
944 646 1152 702 revertebatur.

462 745 518 801 nisi
535 766 625 803 unum
642 766 657 804 e
673 753 790 802 centum
806 765 873 802 eum
889 734 1140 820 aggredientem.”

457 893 597 960 “Caeauc
613 903 793 959 condomitor
808 902 898 959 sumit
913 904 1027 960 hastam
1044 921 1137 972 suam,

459 1005 579 1063 incurrit
594 1013 627 1062 ut
641 1003 738 1078 aquila
752 1004 783 1062 in
798 1004 882 1061 litore
899 1024 964 1061 eum
981 1005 1091 1062 irritata
1106 1013 1161 1062 est.

460 1109 535 1182 Ejus
552 1107 667 1181 signum
683 1106 738 1162 fuit
753 1113 822 1162 nota
837 1126 911 1180 quae
928 1115 988 1164 erat
1004 1113 1131 1181 accepta,

459 1210 533 1268 bene
549 1208 670 1284 perfecit
685 1213 842 1264 tesseram:
863 1227 922 1264 non
936 1213 1100 1266 recessum!

459 1314 538 1368 Ante
553 1311 713 1368 exercitum
729 1311 876 1368 Gododini
891 1331 927 1368 ex
944 1331 1002 1384 quo
1017 1310 1129 1367 celatus
1145 1321 1190 1366 est

457 1413 621 1486 praeclarus
637 1414 673 1470 ad
689 1413 851 1487 urgendum
866 1413 1019 1488 proelium,
1039 1431 1098 1487 quo
1114 1411 1257 1470 exaltatus
1273 1423 1352 1474 erat.-

457 1533 516 1570 non
531 1521 629 1572 tuetur
643 1534 697 1572 nec
712 1516 797 1573 hasta
812 1535 865 1572 nee
882 1521 1007 1583 scutum,

458 1635 516 1673 non
531 1625 630 1692 potest
644 1618 753 1692 perfici,
773 1603 894 1672 nimium
911 1617 998 1673 alitus
1014 1623 1059 1672 est

456 1719 549 1794 plagis
566 1739 786 1795 congressurum
801 1719 831 1776 in
846 1705 990 1794 proelio.'³

392 1866 456 1928 Hie
480 1889 604 1950 quoque
628 1867 774 1930 restituta
796 1877 920 1929 vetusta
939 1865 1110 1949 scriptione
1125 1869 1260 1932 redeunt
1276 1865 1435 1932 assonautiae

306 1975 460 2054 qttnedanr
471 1995 477 2036 :

475 2113 508 2170 m'
525 2110 529 2194 i
550 2113 656 2170 cilicio
676 2113 681 2188 Ι
701 2133 850 2187 eornpaun.

474 2237 524 2272 rac
543 2209 546 2288 1
568 2215 654 2272 bodin
666 2216 831 2292 quotodin.
855 2261 860 2272 .
880 2235 914 2271 er
932 2215 938 2291 Ι
959 2213 1110 2296 ὁνεὶίΙιεΙΗ
1132 2217 1259 2274 benanit.

433 2339 484 2392 pro
500 2339 538 2394 ny
555 2317 661 2394 chylici
674 2341 689 2374 o
702 2319 866 2396 pantheron.

475 2441 524 2476 rac
540 2420 622 2478 bediu
638 2420 741 2478 odedire
760 2463 766 2474 .
789 2463 794 2475 .
813 2439 848 2476 ar
862 2419 994 2477 ureithell
1006 2429 1149 2497 canawyt.
1160 2426 1173 2450 '³

387 2569 438 2630 Ad
451 2568 592 2632 sistenda
614 2567 760 2651 exempla
781 2567 981 2632 assonantiue
1003 2567 1177 2652 bisyllabae
1193 2581 1225 2630 et
1241 2570 1373 2632 interum
1386 2565 1436 2626 snt

298 2673 402 2755 jungo
417 2695 541 2737 carmen
560 2674 720 2750 Taiesiuo,
736 2674 791 2756 qui
806 2673 868 2736 fuit
883 2674 1023 2757 aequalis
1035 2674 1212 2751 Aneurino‚
1227 2669 1436 2756 adscriptumiu

301 2779 483 2844 narratione
503 2781 542 2841 de
558 2779 617 2841 hoc
633 2786 726 2862 poeta
740 2779 848 2861 addita
864 2778 996 2842 editioni
1019 2779 1239 2842 narrationum
1254 2780 1363 2843 codicis
1376 2773 1435 2838 rubri

302 2885 404 2962 (Mab.
422 2891 452 2960 3,
470 2891 541 2947 348.
559 2891 618 2946 349
628 2910 637 2960 ;
655 2885 695 2948 cf.
710 2885 795 2948 idern
811 2887 865 2948 sed
881 2883 972 2948 valde
988 2885 1156 2948 alteratum
1173 2885 1207 2948 in
1221 2887 1308 2970 Myr.
1323 2882 1403 2947 Areh.
1417 2889 1434 2952 Ι,

304 2995 369 3068 36).
391 2983 708 3054 Inscribitur“Bustl
715 2983 896 3078 pBer'rdd''
907 2991 1040 3073 (schira,
1052 2993 1255 3073 Remorum),
1265 2991 1336 3076 quia
1344 2987 1436 3052 narde

301 3095 351 3156 vel
366 3096 472 3177 potius
492 3099 665 3160 Baulorum
680 3099 756 3160 ordo
772 3097 896 3160 invehit
911 3097 944 3160 in
957 3098 1065 3162 Oleros
1081 3097 1132 3162 vel
1147 3097 1297 3181 reliquias
1308 3094 1436 3160 Dnridnu

300 3201 419 3264 ordinis
440 3202 584 3284 delapsas
604 3201 638 3262 in
660 3217 826 3265 cantorum
847 3203 1099 3266 mendicantium
1114 3225 1284 3288 pravorum
1299 3193 1435 3267 suun*

495 3359 497 3430 i
516 3360 584 3417 Cler
598 3381 614 3416 ο
626 3380 696 3434 pem
710 3363 825 3437 arsere
840 3363 974 3436 arserant
982 3389 984 3396 v

495 3459 498 3538 i
516 3462 606 3518 Catil
618 3461 762 3518 annnwz'ol
775 3483 823 3538 yw
839 3461 866 3518 ei
879 3462 1003 3532 molioni

494 3559 497 3639 1
516 3563 611 3622 Cerdd
624 3583 720 3639 crureq
737 3563 846 3639 ddistan
862 3583 880 3619 a
892 3571 1004 3638 panant

492 3661 496 3744 Ι
514 3665 651 3742 Celwydd
665 3664 715 3722 bob
731 3685 824 3723 amaer
838 3685 856 3722 a
871 3667 1005 3743 arserant

371 3873 381 3898 ¹
400 3872 465 3924 Tem
485 3872 519 3924 de
531 3870 672 3924 Aneurino
685 3889 766 3940 quam
779 3873 813 3924 de
825 3871 885 3926 eliis
897 3873 1012 3926 vetustis
1024 3871 1200 3926 Cambrorum
1214 3873 1308 3926 Bardi·
1319 3880 1435 3936 eorullvqt⁸

298 3957 462 4010 caminibus
481 3956 636 4010 doctissime
653 3955 773 4026 disputat
785 3956 892 4010 libellus
905 3957 1067 4028 inscriptum
1078 3955 1124 4011 “A
1136 3957 1308 4012 Vindicetion
1321 3956 1350 4008 of
1357 3955 1435 4018 theg*

299 4044 443 4096 nuinenees
460 4043 491 4096 oi
506 4043 552 4094 the
570 4042 678 4094 ancient
696 4039 793 4094 british
806 4059 898 4110 poems
910 4041 941 4096 of
950 4043 1082 4107 Aneurin,
1097 4043 1225 4108 Taliesin,
1239 4041 1371 4113 Llywarch
1382 4036 1434 4092 flu

297 4128 350 4180 and
359 4129 497 4191 Mcrdhin,
507 4127 573 4180 with
585 4126 735 4196 specimens
745 4126 775 4178 of
786 4127 831 4178 the
842 4143 944 4196 poems.
960 4129 999 4198 By
1007 4129 1259 4184 ShuonTurner.
1273 4128 1357 4182 Lond.
1366 4115 1432 4178 tut!

353 4215 378 4240 ⁰·
398 4215 473 4267 Haec
485 4213 559 4266 vocis
572 4213 634 4266 Cler
646 4211 835 4280 interpretatio
848 4211 948 4282 legitur
959 4213 1032 4283 apud
1042 4213 1184 4268 Owenum.
1207 4213 1353 4268 Mounchos
1363 4221 1434 4264 eon*

298 4299 359 4350 dem
379 4315 484 4350 morum
503 4297 610 4352 saeculo
625 4297 730 4350 decimo
743 4296 803 4367 lege
816 4297 924 4367 publiea
936 4299 1080 4368 castigavit
1092 4299 1218 4368 Edgerus
1230 4298 1343 4370 Angtire
1352 4311 1392 4349 rex
1402 4287 1433 4358 (d.

298 4383 463 4444 San-Marte,
474 4383 642 4452 Arthurmge
655 4400 681 4451 p.
694 4384 747 4452 23).
767 4384 810 4438 De
822 4383 960 4438 armoricis
969 4384 1055 4438 (lieris
1067 4385 1149 4439 etiam
1162 4383 1298 4440 hodioenir
1309 4384 1343 4436 ef.
1352 4378 1432 4434 tuen·

299 4467 447 4532 Bam-Bu,
462 4467 546 4537 praef.
561 4485 588 4537 p.
603 4469 735 4522 XXXVI.
