2978 5054
317 344 358 406 V.
378 349 408 406 2.
446 361 675 411 nummosrra
691 361 908 408 arumnorum
1134 341 1196 406 877

133 513 211 576 ml
226 515 338 595 (trans)
353 513 388 576 in
403 513 475 578 adv.
497 514 615 578 cambr.
637 513 806 598 nocquyn
821 515 930 596 (retro,
948 511 1091 595 iterum),
1111 521 1197 576 tran·
1246 496 1249 508 ⁸

64 617 136 682 nortl
149 620 257 700 (mane,
273 629 346 702 post
359 621 500 702 noctem)
513 620 602 683 Mab.
616 619 660 703 fq.
690 619 749 684 Est
763 617 940 682 intensivae
955 619 1198 703 significationis
1282 632 1285 644 ·

63 723 89 786 in
105 723 157 807 adj.
173 723 242 788 hod.
261 724 402 809 traqwiw
417 726 604 807 (admodum
626 724 755 808 dignus,
780 723 964 806 excellens),
984 724 1114 810 trctdyn
1129 724 1197 806 (ad-

62 831 167 893 modum
180 829 293 906 tenuis,
310 829 458 912 nitidus).
491 832 543 894 Ad
560 831 643 894 hanc
658 831 709 894 vel
723 841 910 914 sequentem
923 829 1113 915 particulam
1128 851 1197 914 per·

61 935 238 1000 insternor.
257 945 375 1000 tranen
391 935 554 1018 (transire)
569 935 656 999 Buh.
676 943 729 1013 90,
750 943 799 998 19.
819 940 871 1013 92,
891 943 921 998 4.
942 943 972 1000 5.

124 1042 205 1106 TRE
220 1045 314 1126 (per),
336 1042 437 1106 forma
451 1063 560 1128 praep.
582 1042 655 1119 troi,
670 1050 750 1128 trwy
765 1041 1060 1126 incompositione:
1080 1051 1198 1127 trecop-

60 1145 101 1208 tim
113 1148 164 1231 (gl.
180 1149 315 1232 perfero)
331 1149 367 1212 in
379 1148 494 1232 glossis
510 1149 668 1214 Luxemb.
699 1149 740 1212 In
755 1147 917 1212 hodiernis
933 1149 1098 1214 cumbricis
1113 1171 1197 1212 com·

58 1252 231 1340 orco·
1047 1347 1051 1358 ,

121 1361 179 1424 ΥΝ
197 1381 267 1424 raro
287 1359 381 1424 obvia
402 1371 451 1424 est
470 1360 506 1424 in
527 1359 766 1444 compositione,
791 1381 820 1423 e.
837 1382 886 1444 gr.
909 1359 945 1422 in
965 1361 1052 1424 verb.
1075 1362 1194 1436 cembr.

55 1466 178 1547 poeula·
197 1468 249 1549 (p.
270 1471 363 1548 787).
405 1465 609 1530 Hodiernum
631 1467 732 1530 subst.
757 1467 855 1552 ynfer
878 1466 1022 1548 (inlatio,
1046 1465 1070 1528 i.
1094 1488 1122 1529 e.
1148 1467 1196 1530 in-

55 1569 149 1648 fluxus,
166 1572 298 1648 ostium3
316 1603 361 1626 -ε
374 1572 457 1656 gael.
475 1571 594 1650 enchir,
615 1572 651 1634 in
672 1572 802 1636 nomine
822 1571 1018 1649 Indhirner'o,
1035 1571 1122 1655 angl.
1140 1573 1197 1637 In·

53 1696 162 1754 umor,
184 1677 294 1763 oppidi
315 1677 469 1762 principis
490 1677 664 1742 Gaelorum
684 1679 725 1742 ad
745 1677 864 1742 ostium
885 1678 1020 1759 Nessae)
1036 1677 1197 1761 significat

53 1777 118 1842 idem
136 1784 216 1864 quod
236 1805 314 1847 cum
336 1783 407 1848 aliis
422 1783 710 1868 praepositionibus
725 1781 899 1869 composita
914 1805 993 1868 aper
1009 1786 1065 1866 (=
1079 1785 1194 1866 oder),

51 1883 154 1969 temper
167 1893 222 1971 (=
236 1889 374 1972 cember)
388 1890 456 1975 jam
469 1900 653 1954 memorata.

420 2163 463 2226 D.
495 2144 796 2248 Decdmposita.

113 2369 288 2434 Nominum
308 2371 406 2435 trium
425 2369 476 2434 vel
496 2381 632 2454 quatuor
653 2369 898 2454 compositorum
914 2371 1059 2456 exemplo
1074 2371 1128 2436 vix
1144 2393 1194 2437 oe-

47 2488 167 2554 currum,
191 2476 255 2542 nisi
279 2489 357 2542 sunt
376 2477 460 2540 inter
482 2477 637 2560 adjectiva
658 2477 821 2540 cumulata
842 2477 898 2541 ille
919 2481 965 2562 (p.
986 2482 1079 2562 863),
1097 2501 1125 2542 e.
1143 2501 1192 2563 gr.

46 2583 456 2670 umrclffroenuolldrwt,
475 2581 634 2647 catucirclt
642 2582 896 2668 ffroenoolldrut
910 2584 998 2647 Mab.
1019 2590 1050 2662 2,
1070 2592 1121 2647 40.
1139 2591 1191 2648 65.

45 2705 77 2767 yn
95 2687 226 2753 llidiowc
247 2691 329 2780 'drot
342 2673 596 2776 qpflymdrycdyr
607 2689 889 2776 preulcwnffisrys
899 2695 929 2767 2,
949 2697 1000 2753 51.
1033 2691 1194 2774 Frequen-

45 2787 106 2855 tiora
127 2806 157 2858 et
176 2797 282 2860 multo
303 2795 455 2878 gravioris
477 2796 633 2859 momenti
648 2819 744 2879 quam
760 2795 915 2880 ejusmodi
930 2807 1017 2874 sunt,
1036 2807 1073 2860 ut
1088 2796 1192 2860 hiber·

45 2895 109 2974 nica,
124 2901 217 2966 etiam
231 2901 424 2978 britannica,
442 2901 628 2984 praesertim
643 2901 810 2979 cambuca,
828 2901 1012 2988 composita,
1027 2903 1062 2966 in
1077 2902 1192 2987 quibus

44 3021 139 3069 nomen
153 3007 203 3071 vel
217 3009 354 3071 verbum
367 3007 562 3090 praecedunt
577 3009 658 3072 duee
673 3009 724 3072 vel
738 3007 845 3092 plures
861 3008 1045 3093 particulae.

159 3293 186 3348 1.
220 3283 510 3369 Decomposita
531 3306 619 3348 cum
640 3285 796 3350 duabus
817 3284 1053 3369 particulis.

110 3485 184 3561 AM,
202 3486 288 3550 YM.
308 3485 465 3566 (CO-YM
485 3487 649 3570 (cyr-pm,
673 3485 821 3571 ced-pm,
846 3490 1024 3572 cona-pm)
1047 3487 1080 3552 in
1097 3509 1193 3573 supra

41 3583 127 3652 dude
145 3591 367 3678 kptymdortlt‚
392 3589 649 3677 kedymdeitdac,
673 3591 912 3674 kantymdeirh.
945 3593 1188 3660 GUOR-YM:

39 3697 218 3776 corumdeitd
234 3698 418 3782 (processio,
433 3697 621 3781 ambulatio)
634 3698 722 3761 Mab.
740 3705 769 3774 1,
786 3702 837 3760 21.
853 3703 906 3760 27.
931 3699 1088 3776 loo-AM,
1106 3710 1192 3764 tran·

41 3795 109 3862 tiens
127 3801 160 3866 in
181 3805 284 3867 ΒΑΜ
305 3805 367 3886 (a
388 3803 513 3868 hibern.
537 3814 601 3868 ret.
627 3803 794 3881 do-imm·,
810 3804 963 3885 ⁴tr'mm·):
989 3827 1027 3868 ce
1048 3807 1192 3893 (14229μί-

40 3900 169 3994 odyusoys
184 3910 411 3993 (circumdedit
432 3913 517 3994 eam)
533 3911 622 3974 Mab.
642 3917 672 3986 3,
693 3915 767 3974 297.
799 3909 840 3972 In
859 3908 970 3972 lexicis
992 3909 1070 3973 item
1084 3932 1191 3975 occur-

39 4023 101 4076 runt
113 4015 268 4080 formulae
283 4016 384 4094 dom,
398 4017 487 4103 dym-
503 4018 560 4099 (=
572 4018 708 4102 ‹dy-am,
723 4017 862 4102 τὶν-μην)
875 4014 1092 4099 significantes
1107 4016 1191 4082 idem

39 4119 110 4196 quod
121 4119 282 4206 simplices
297 4144 375 4199 om·‚
389 4144 468 4209 pne,
483 4121 677 4187 eontrarium
692 4133 800 4186 tamen
812 4121 939 4197 di-cm·,
955 4121 1069 4207 ἅτ’-ψη·
1082 4125 1114 4203 (e
1129 4123 1189 4200 dat,

39 4219 92 4304 de).
120 4228 289 4293 Praeterea
309 4229 444 4316 ‹cd-pm,
465 4227 671 4316 pared-ym·.·
695 4227 843 4314 odymlr'd
864 4227 994 4309 (iterum
1016 4231 1189 4313 persequi),

39 4327 220 4413 &mucha
233 4335 422 4422 (revisitare,
439 4336 556 4402 iterum
571 4336 677 4400 videre
692 4334 853 4416 invicem),
869 4333 1110 4420 prortdymladd
1123 4339 1192 4420 (op-

39 4441 203 4525 pugnatio).
