2978 5054
261 342 324 402 904
466 344 527 408 VI.
550 353 578 408 1.
612 361 835 408 cousrnucrro
851 365 996 412 somme
1013 367 1221 414 snrssnnror.

266 519 307 582 ad
322 515 439 592 aulam,
457 524 490 577 et
504 513 645 578 ibi-vidit
659 515 821 597 mulieres)
837 523 865 594 1,
882 522 933 578 36.
952 539 991 582 no
1003 539 1066 603 yno
1080 541 1101 604 y
1116 517 1237 604 elysaei.
1256 569 1264 582 .
1280 567 1288 582 .
1302 543 1338 584 oe
1348 521 1420 606 uelly

268 647 289 710 y
313 626 352 687 bu
369 623 410 706 ef
417 645 460 707 yn
476 620 530 684 tir
545 642 589 705 yn
603 641 644 705 yr
659 621 811 704 ayderdet
824 621 948 686 deonnw
967 671 974 684 .
996 671 1003 685 .
1024 671 1031 685 .
1049 626 1156 709 odyna
1169 647 1191 710 y
1206 628 1352 690 cerdosod
1363 648 1419 690 roc·

271 733 341 794 duno
358 727 415 810 (ibi
436 725 610 790 audiebat.
632 775 638 788 .
660 736 718 790 .et
736 726 782 790 ita
801 727 864 791 fuit
884 728 1019 812 longum
1040 741 1166 814 tempus
1187 730 1222 793 in
1237 732 1362 815 regione
1374 731 1421 794 ine

269 835 367 900 invia.
388 882 395 896 .
417 882 424 895 .
443 832 518 895 inde
538 832 678 916 perrexit
696 835 803 917 porro)
822 840 851 910 1,
871 840 944 898 266.
964 841 1037 898 267.
1068 857 1109 899 ar
1130 837 1240 922 dynny
1261 861 1283 922 y
1307 839 1423 922 dytnont

270 941 385 1005 arthur
400 943 492 1020 (tunc
513 939 595 1001 dixit
609 939 667 1020 A.)
686 945 714 1015 1,
731 944 761 1002 2.
784 961 822 1002 ao
842 961 882 1002 or
896 939 1005 1026 hynny
1020 949 1108 1027 nynt
1120 965 1141 1005 o
1155 943 1273 1028 welynt
1287 966 1333 1027 yn
1346 945 1426 1028 ὤμοι

268 1067 395 1133 ymywn
424 1065 566 1129 mornoyn
593 1045 645 1124 (et
674 1053 752 1108 tunc
781 1044 933 1110 videbant
958 1047 1139 1111 venientem
1165 1049 1254 1111 intus
1280 1049 1426 1132 puellam)

273 1161 301 1229 i,
321 1156 394 1213 282.

356 1259 477 1321 Contra
496 1255 700 1340 participium
721 1257 896 1340 praesentis
911 1257 1007 1322 activi
1021 1259 1317 1343 circumscriptione
1331 1261 1427 1324 forma·

272 1376 351 1442 tum,
369 1373 407 1426 ut
427 1363 605 1426 formantur
625 1363 783 1440 adverbia,
801 1364 837 1426 in
858 1366 1026 1448 postremis
1041 1367 1217 1430 sententiae
1232 1366 1314 1428 locis
1328 1365 1429 1449 reperi·

272 1483 339 1534 tur:
365 1493 404 1534 ac
418 1469 593 1554 ymperned
606 1468 699 1532 llowr
712 1489 753 1554 yr
767 1471 907 1555 ystnuell
917 1473 1023 1554 ydoed
1033 1493 1074 1556 yr
1088 1471 1316 1556 amderowdyr
1329 1470 1429 1534 nrtltn

269 1599 313 1662 yn
329 1576 429 1639 need
442 1577 487 1655 (et
508 1575 543 1637 in
564 1574 669 1637 medio
692 1575 758 1638 solo
780 1575 920 1640 cubiculi
934 1587 1002 1642 erat
1016 1577 1187 1660 imperator
1201 1578 1243 1639 A.
1262 1579 1389 1658 sedens)
1404 1583 1426 1650 1,

270 1687 300 1744 2.
326 1705 365 1745 ac
378 1680 547 1765 yykcnowl
567 1681 660 1744 lnior
681 1703 703 1765 y
722 1683 830 1745 neuod
846 1683 952 1765 ydoed
962 1684 1098 1765 pedwar
1115 1703 1208 1767 ynyr
1230 1705 1276 1768 yn
1291 1683 1388 1746 eisted
1398 1701 1430 1743 ar

270 1790 342 1852 lenn
359 1789 405 1870 (et
426 1786 461 1849 in
481 1786 586 1848 medio
606 1787 673 1849 solo
688 1787 779 1849 aulae
795 1799 886 1850 erant
900 1799 1037 1870 quatuor
1051 1787 1111 1850 viri
1125 1789 1273 1852 sedentes
1288 1788 1323 1850 in
1339 1785 1430 1870 pulti-

270 1894 354 1976 nari)
375 1902 403 1970 1,
422 1898 495 1954 282.
513 1913 552 1955 ao
572 1892 633 1954 nul
651 1894 756 1976 ydoed
769 1893 866 1956 owea'n
882 1894 1072 1958 diwnrnowt
1083 1916 1127 1978 yn
1143 1893 1248 1978 baoytn
1262 1915 1339 1977 any
1355 1889 1432 1954 hurd

269 1999 469 2088 yykaerlls'on
485 2019 525 2061 nr
545 2019 630 2082 royac
651 1998 780 2082 neonus
788 2009 919 2084 nonoyn
933 2002 1077 2084 yndynot
1091 2003 1138 2080 (et
1152 2021 1227 2062 cum
1242 2011 1312 2062 erat
1325 1999 1368 2064 0.
1384 1995 1430 2059 ali-

271 2107 399 2190 quando
421 2125 558 2168 coenans
580 2105 620 2166 ad
641 2125 785 2168 mensem
806 2104 841 2168 in
862 2116 964 2168 castro
980 2105 1158 2190 Legionum
1178 2108 1219 2170 nd
1235 2105 1355 2180 Iseum,
1371 2121 1432 2165 ecoe

269 2212 377 2301 puella
391 2211 536 2293 veniens)
555 2217 584 2287 1,
604 2215 656 2274 26.

439 2459 468 2516 2.
494 2453 649 2516 Nomen
671 2461 711 2515 et
732 2471 952 2538 pronomen
974 2461 1274 2516 constructum.

358 2661 390 2703 a.
422 2637 637 2702 Articulus
659 2639 765 2715 deest,
791 2649 828 2700 ut
848 2638 883 2702 in
903 2638 1067 2702 hibernica
1087 2636 1344 2713 constructione,
1369 2645 1434 2698 ante

271 2745 519 2822 substantivum,
538 2745 623 2827 quod
644 2743 796 2809 definitur
816 2745 857 2808 ab
879 2744 943 2808 alio
959 2745 994 2808 in
1008 2743 1166 2828 genitivo:
1192 2741 1304 2806 inrlles
1318 2765 1342 2827 y
1349 2739 1433 2826 ffys·

270 2873 364 2915 nuwn
388 2850 562 2932 (comitissa
580 2850 744 2932 fontanae)
764 2857 792 2926 l,
814 2858 841 2912 l.
857 2851 989 2932 presseb
1009 2849 1158 2934 ymorcd
1173 2852 1341 2932 (praesepe
1355 2843 1433 2930 equi)

273 2963 302 3034 1,
323 2963 374 3018 33.
392 2955 542 3020 iorllcetd
556 2979 578 3040 y
590 2955 707 3038 yoylad
720 2955 903 3036 (comitatus
919 2953 1157 3039 septentrionis)
1176 2962 1204 3030 l,
1224 2960 1299 3016 235.

354 3061 441 3124 Ante
462 3061 593 3126 nomina
607 3060 733 3144 propria
753 3061 963 3124 communiter
984 3063 1074 3124 deest
1092 3060 1259 3135 articulus,
1282 3081 1312 3122 e.
1330 3077 1395 3141 gn:
1414 3075 1433 3138 y

272 3169 408 3252 dynant
428 3166 553 3243 arthur,
571 3169 752 3252 y=dytoowt
766 3167 820 3230 kei
838 3167 934 3249 (dixit
954 3170 1010 3243 A„
1034 3168 1089 3249 C.)
1105 3166 1149 3250 sq.
1182 3165 1319 3248 Legitur
1336 3175 1431 3228 umen

271 3272 368 3335 etiam
389 3273 424 3335 in
446 3273 570 3336 casibus
591 3273 744 3355 obliquis:
769 3295 812 3358 yr
832 3273 895 3336 beli
915 3293 1016 3336 metor
1034 3273 1096 3336 uad
1118 3293 1277 3355 monoycn
1297 3293 1320 3356 y
1344 3271 1384 3334 bn
1397 3263 1433 3330 bi

271 3379 351 3441 meib
375 3378 502 3461 (Belino
528 3400 645 3462 magno
670 3377 737 3442 filio
764 3377 940 3461 Manogani
965 3378 1097 3442 fuerunt
1122 3388 1185 3440 tres
1206 3377 1280 3459 filii)
1307 3383 1342 3454 3,
1366 3379 1429 3436 292.

270 3484 422 3568 mwydof
441 3507 475 3548 oe
504 3485 622 3569 orodyr
641 3505 662 3568 y
683 3483 776 3546 koret'
796 3485 894 3569 ludy
914 3483 1029 3569 lknlys
1051 3483 1203 3565 (maxime
1224 3483 1311 3546 inter
1331 3481 1432 3545 francs

270 3611 344 3652 suos
357 3591 484 3654 amabat
495 3589 619 3653 Ludius
631 3589 812 3671 Leulisum)
822 3596 852 3667 3,
862 3595 936 3668 298,
946 3589 1002 3652 ubi
1013 3589 1209 3654 necessarius
1220 3589 1349 3653 videtur
1358 3587 1433 3650 inter

270 3695 334 3758 duo
346 3695 476 3759 nomina
487 3695 614 3780 propria
620 3695 716 3778 juxta
728 3717 761 3758 se
773 3695 887 3778 posita.
910 3696 1042 3779 Legitm
1054 3696 1130 3760 item
1143 3696 1178 3758 in
1190 3715 1268 3760 casu
1276 3701 1431 3776 restopod

270 3803 401 3864 verbum
416 3802 607 3865 defectivum
622 3801 679 3864 heb
695 3801 844 3885 (inquit):
863 3801 920 3864 heb
935 3823 976 3887 yr
990 3802 1116 3879 arthur,
1134 3801 1192 3864 tet
1207 3825 1228 3886 y
1241 3797 1432 3884 yercmtlin·

270 3907 340 3990 quit
355 3910 410 3984 A„
425 3907 485 3989 G.)
499 3913 529 3984 2,
545 3913 596 3971 27.
613 3914 664 3971 29.
681 3915 733 3986 30,
746 3917 820 3992 post
834 3909 920 3991 quod
933 3907 1086 3974 articulus
1101 3909 1180 3972 adeo
1194 3907 1355 3991 praeeedit
1369 3925 1432 3989 pro·

269 4035 386 4082 nomen
401 4014 583 4098 personale:
602 4014 660 4078 net
674 4037 715 4100 yr
729 4021 815 4098 wynt
831 4013 996 4093 (dixerunt
1010 4013 1086 4097 ipsi)
1105 4019 1134 4090 3,
1154 4019 1229 4076 269.

353 4120 556 4203 Adjectivum
571 4120 668 4184 etiam
682 4119 842 4203 praecedit
856 4119 1009 4183 articulus
1021 4119 1210 4196 cambricus,
1224 4119 1334 4182 eodem
1344 4115 1432 4178 modo

268 4236 305 4288 ut
320 4225 502 4288 hibernicus
519 4231 564 4309 (p.
581 4231 669 4310 888),
692 4227 719 4288 si
742 4236 816 4289 ante
832 4225 1068 4290 substantivum
1083 4247 1157 4289 cum
1172 4247 1209 4288 eo
1222 4235 1431 4288 constructum

266 4333 356 4394 adest
371 4353 546 4414 pronomen
562 4333 792 4415 possessivum:
813 4333 925 4415 ywedy
941 4351 1041 4394 murto
1057 4331 1120 4395 tola·
1133 4331 1340 4416 odyywydoto
1355 4337 1431 4410 eyr-

265 4458 325 4501 nus
339 4459 420 4524 ynys
427 4439 566 4525 prydea'n
578 4439 698 4523 ynllow
712 4439 771 4502 lud
778 4438 863 4522 yuod
874 4457 915 4522 yr
926 4436 1038 4522 lyncas
1046 4439 1188 4519 (mortuo
1199 4435 1314 4500 Belino
1323 4429 1430 4498 cecidit
