3004 5066
130 387 301 434 eremum.
331 387 497 434 seuerum:
512 388 638 434 comere
655 385 832 432 arenarum
849 384 1018 430 enrsorsur
1034 385 1083 430 sc.
1135 366 1216 426 1019

77 547 103 602 et
120 549 238 620 quartae
259 537 504 622 conjugationis,
520 537 555 600 in
578 536 694 620 quibus
716 535 728 598 i
745 546 820 598 ante
835 556 858 598 u
873 543 1099 598 consonantem
1114 533 1218 616 posita

76 641 249 725 producitur,
272 643 443 725 eademque
465 643 627 706 subtracta
649 640 828 724 corripitur,
855 649 893 703 ut
912 639 1020 722 cupivi
1040 638 1138 721 cupii,
1163 661 1217 702 cu·

76 746 196 830 piverum
211 746 381 829 cupieram,
400 747 508 810 audivi
523 747 622 823 audii,
640 747 822 810 audiveram
837 744 1009 808 audieram.
1042 743 1217 808 Inveniun-

77 863 118 914 tur
137 851 226 914 etiam
244 873 302 936 pro
323 852 425 916 vocali
446 863 589 936 correpta
611 852 671 916 hoc
693 852 854 934 digamma
868 849 916 914 illi
931 849 993 926 usi,
1010 860 1049 912 ut
1063 849 1215 914 Alcman:

74 953 121 1020 καὶ
139 957 232 1036 χεῖμα
253 960 320 1042 πῦρ
340 978 376 1020 re
391 952 528 1022 tafroc.
558 958 618 1022 Est
638 957 725 1022 enim
739 957 910 1020 dimetrum
925 955 1108 1032 iambicum,
1126 953 1219 1018 etsie

74 1073 113 1126 est
130 1064 363 1146 proferendum,
392 1065 417 1126 F
437 1073 474 1126 nt
496 1063 592 1127 saciat
613 1063 739 1126 brevem
760 1062 926 1146 syllabam.
958 1062 1069 1126 Nostri
1092 1081 1219 1143 quoque

72 1165 122 1230 hoe
133 1167 234 1251 ipsum
247 1168 358 1234 fecisse
372 1168 593 1245 inveniuntur,
607 1178 639 1230 et
653 1187 711 1251 pro
726 1179 921 1232 consonante
936 1165 979 1230 u'
995 1165 1134 1230 vocalem
1148 1165 1218 1228 bre·

72 1293 130 1336 vem
150 1274 314 1357 accepisse,
331 1283 370 1336 ut
384 1273 541 1336 Horatius
562 1273 663 1336 siluae
686 1271 886 1356 trisyllabum
908 1272 1043 1356 protulit
1056 1271 1092 1336 in
1108 1272 1220 1356 Epodo

71 1379 121 1442 boc
134 1401 238 1444 versu:
256 1379 421 1461 Nivesque
431 1372 617 1442 deducunt⁸
626 1378 751 1454 Jovem,
762 1400 851 1442 nunc
861 1399 948 1440 mare
956 1373 1063 1442 ⁹nuuc
1075 1373 1220 1442 siluae.¹⁰

70 1483 119 1566 Est
136 1483 215 1548 enim
237 1484 410 1548 dimetrum
428 1470 601 1548 iambicum
621 1481 830 1566 conjunctum
850 1483 1094 1567 penthemimeri
1117 1481 1218 1546 heroi·

69 1609 125 1664 cae,
134 1587 155 1622 ¹¹
171 1590 256 1672 quod
270 1588 362 1652 aliter
377 1599 460 1652 stare
474 1609 540 1650 non
555 1599 671 1670 potest,
685 1587 749 1652 uisi
760 1589 861 1652 siluae
875 1589 1074 1673 trisyllabum
1085 1587 1219 1671 accipia-

71 1703 122 1756 tur.
151 1693 303 1758 Similiter
317 1693 465 1758 Catullus
480 1693 690 1762 Veronensis:
718 1696 812 1762 Quod
830 1715 941 1758 zonam
957 1693 1055 1758 soluit
1070 1693 1126 1758 diu
1141 1693 1219 1776 ligu-

70 1810 134 1875 un,
149 1799 230 1864 inter
253 1798 534 1882 hendecasyllabos
550 1796 771 1865 Phalaecios¹²
794 1799 912 1882 posuit.
945 1801 1030 1883 Ergo
1045 1797 1108 1864 nisi
1123 1797 1220 1862 soluit

69 1905 252 1989 trisyllabum
268 1905 417 1988 accipias,
436 1923 544 1968 versus
560 1915 643 1966 stare
659 1925 724 1966 non
738 1915 861 1987 potest:
879 1906 939 1970 hoc
956 1917 1063 1970 tamen
1078 1905 1184 1988 ipsum
1194 1897 1220 1936 ¹³

67 2009 250 2076 inderivatis
269 2011 321 2075 vel
336 2008 518 2093 compositis
533 2008 714 2092 frequenter
728 2009 809 2074 solet
825 2011 905 2088 fieri,
919 2022 956 2074 ut
971 2012 1063 2076 volvo
1077 2010 1218 2084 volutus,
1240 1991 1244 2002 ’

66 2115 140 2180 solvo
160 2117 303 2192 solutus,
320 2115 388 2178 avis
410 2111 544 2196 auceps¹
569 2113 747 2198 auspicium
769 2117 940 2199 augurium
962 2125 1130 2200 augustus,
1150 2114 1221 2177 lavo

66 2217 193 2298 hutus,²
208 2222 300 2286 faveo
314 2215 454 2284 ἰιιιιιοτ.8
479 2219 650 2302 Digamma
673 2222 702 2284 f
714 2221 829 2286 Aeoles
844 2233 893 2286 cst
907 2223 1035 2305 quando
1049 2243 1106 2306 pro
1117 2221 1221 2286 nihilo

65 2325 216 2389 inmetris
240 2327 450 2410 accipiebant,
473 2339 510 2388 ut
528 2321 651 2406 Άμμες
670 2318 699 2388 d'
720 2321 878 2412 ferpp‘vuv
898 2323 938 2391 cd
961 2325 999 2392 δέ
1020 2320 1048 2394 τ’
1072 2318 1114 2410 dp
1136 2322 1220 2392 θέτο

64 2433 165 2496 meaa
187 2425 315 2518 ltyuiu.
345 2432 405 2494 Est
424 2430 511 2494 euim
533 2430 753 2494 hexametrum
768 2430 942 2496 heroicum.
975 2434 1072 2517 Apud
1087 2432 1220 2496 Latinos

63 2557 175 2620 quoque
197 2538 260 2602 hoc
278 2537 363 2602 idem
378 2536 540 2600 invenitur
554 2559 611 2621 pro
626 2535 729 2600 nihilo
744 2535 779 2599 in
793 2536 915 2615 metris,
933 2548 966 2602 et
980 2537 1118 2616 maxime
1134 2539 1220 2623 apud

64 2643 284 2708 vetustissimos
305 2642 515 2720 comicorum,
541 2653 578 2706 ut
597 2641 766 2706 Terentius
787 2642 822 2706 in
835 2642 975 2706 Andria:
1000 2643 1078 2708 Sine
1100 2643 1220 2708 invidia

62 2746 175 2812 laudem
190 2747 339 2812 invenias
353 2757 386 2812 et
400 2747 517 2812 amicos
532 2767 633 2828 pares.
663 2748 723 2811 Est
737 2747 825 2812 enim
838 2747 1011 2812 iambicum
1027 2747 1216 2824 trimetrum,

61 2855 135 2934 quod
159 2853 225 2920 nisi
252 2849 320 2918 aine
345 2853 414 2916 invi
439 2873 496 2936 pro
523 2851 680 2916 tribracho
706 2851 895 2936 accipiatur,
918 2865 1001 2918 stare
1024 2873 1132 2918 versus
1154 2875 1220 2918 nou

61 2969 164 3039 potest.
197 2958 374 3024 Sciendum
394 2969 512 3034 tamon,
530 2959 616 3041 quod
633 2956 693 3022 boc
707 2957 815 3040 ipsum
830 2961 943 3026 Aeoles
958 2959 1087 3044 quidem
1103 2959 1220 3043 ubique

61 3062 121 3128 loco
139 3063 343 3149 aspirationis
362 3065 536 3148 ponebant,
553 3063 741 3147 effugientes
764 3064 895 3148 spiritus
917 3065 1138 3149 asperitatem:
1161 3087 1219 3130 nos

61 3182 158 3236 autem
178 3171 216 3236 in
238 3168 348 3234 multis
370 3167 511 3252 quidem,
529 3189 595 3233 non
620 3179 727 3234 tamen
742 3169 777 3234 in
792 3170 940 3236 omnibus
956 3171 1028 3236 illos
1043 3171 1217 3254 sequimur,

60 3285 92 3340 ut
110 3298 183 3340 cum
203 3274 341 3340 dicimus
361 3295 502 3356 vespera,
520 3273 579 3352 ris,
598 3274 705 3340 vestis.
737 3275 858 3340 Hiatus
882 3297 1007 3360 quoque
1030 3297 1125 3340 causa
1140 3277 1218 3340 sole-

60 3380 130 3446 bant
147 3381 197 3446 illi
220 3381 421 3464 interponere
443 3379 604 3462 digamma
631 3381 667 3457 f,
690 3383 776 3463 quod
796 3382 971 3446 ostendunt
991 3380 1088 3446 etiam
1108 3385 1220 3464 poetae

59 3487 202 3550 Aeolidae
215 3484 276 3548 usi.
298 3486 451 3548 Alcman:
468 3481 525 3547 καὶ
535 3487 635 3565 χεῖμα
648 3489 716 3572 πῦρ
726 3509 762 3550 τε
771 3481 907 3566 deifica,
918 3485 1220 3570 etepigrammata,⁴

59 3611 132 3671 quae
151 3601 279 3674 egomet
299 3590 362 3674 legi
381 3590 416 3652 in
439 3587 581 3673 tripode⁵
603 3591 818 3656 vetustissimo
833 3591 1005 3675 Apollinis,
1025 3591 1080 3674 qui
1102 3604 1166 3656 stat
1186 3593 1220 3656 in

58 3692 258 3779 Xerolopho⁰
286 3694 435 3780 Byzantii
463 3695 508 3758 sic
541 3694 674 3778 scripta:
706 3692 944 3786 Appopdl'mv,
979 3699 1040 3760 Λα
1047 3694 1168 3762 fords
1165 3721 1218 3762 ων.

57 3798 96 3863 Et
111 3822 169 3866 nos
189 3821 315 3884 quoque
330 3799 437 3863 hiatus
453 3821 549 3864 causa
563 3800 796 3884 interponimus
811 3805 843 3868 V
858 3803 928 3868 loco
943 3803 1103 3887 digamma
1126 3805 1164 3878 f,
1182 3815 1218 3866 ut

119 4120 418 4178 lmdceiuteomm
475 4122 861 4182 edmdimetmcta'c'oioa
922 4120 1220 4176 :creatarumve

55 4201 297 4264 duanam
346 4209 593 4278 rumetrudae
641 4206 1013 4278 lleid.fcrd0tddaatr'.rdn
1056 4207 1220 4276 tlsorrace·

55 4290 124 4344 acue
135 4291 259 4346 metirsr'n
296 4295 327 4344 13
347 4309 376 4344 .ι.
391 4292 466 4346 uait
477 4293 510 4346 do
523 4310 560 4346 .u.
574 4311 660 4346 maro.
674 4293 768 4363 eryutr'

120 4375 173 4445 (8⁵)
213 4377 397 4446 ramby.
410 4379 459 4432 ιόιι
494 4377 728 4447 :demutatas
763 4382 778 4432 ³
788 4377 943 4446 sorlacdltid
975 4376 1223 4447 linnesorlt'terdr'

54 4461 68 4508 5
84 4477 127 4512 no.
142 4477 185 4514 ar.
200 4459 385 4516 mnoeclortu
420 4465 436 4514 6
453 4461 627 4516 Ιιιζιὺιάἰιιοιίιι
638 4463 818 4518 indicinriutd
832 4465 849 4518 1.
857 4465 959 4533 sartan
970 4481 1013 4518 no.
1028 4462 1090 4519 ciui.
