2994 5052
272 365 332 428 IV.
353 371 382 426 3.
416 381 682 428 conrnucnones
698 381 935 426 nnmmucnn.
1122 361 1180 424 691

114 535 230 598 Armor.
254 553 325 596 maz
351 553 424 596 cum
448 533 656 616 praecedente
681 533 739 595 dre
765 531 815 594 vel
840 553 898 594 rac
919 531 1102 614 significans
1125 530 1182 594 lat.

46 640 125 722 qmb:
141 642 193 702 dre
206 661 276 701 maz
287 659 322 700 eo
334 639 393 702 den
405 639 479 701 bros
492 639 552 700 dac
563 659 584 700 α
594 647 659 701 etot
670 637 758 720 (quia
769 649 817 700 est
829 637 876 700 vir
888 636 1021 718 insignis
1034 648 1066 698 et
1077 649 1184 698 aucto·

45 744 139 819 nutis,
152 745 191 807 cit
204 745 395 826 benedictio)
408 744 493 806 Buh.
510 749 562 819 98,
579 749 630 804 27.
649 765 687 805 en
702 742 760 804 boz
775 751 888 825 quercet
901 761 997 804 omem
1009 741 1121 826 lietoff
1128 743 1185 804 dre

45 869 102 912 maz
114 849 185 912 ouolt
199 850 303 914 merch
315 849 394 912 bueo
405 848 447 912 Ira
459 848 558 932 hepar
569 848 617 930 (in
630 859 685 910 tuo
696 845 934 932 pulchritudine
946 847 1094 924 delector,
1109 847 1185 928 quia

44 931 157 1037 eivirgo
175 954 277 1017 dulcis
298 966 330 1017 et
343 957 459 1037 gratu),
474 961 555 1036 pant
569 954 642 1016 brut
656 953 714 1016 doz
728 951 883 1035 caludoff
892 999 899 1013 .
920 997 928 1012 .
946 953 1003 1014 dre
1018 973 1088 1014 maz
1104 951 1183 1014 cuch

44 1059 156 1122 11111αηί
167 1060 209 1122 lto
223 1061 330 1123 oanwl
339 1063 427 1142 (cum
441 1057 546 1122 studio
562 1070 593 1122 te
610 1057 724 1134 soluto,
739 1057 814 1140 quia
828 1079 861 1118 es
877 1057 982 1140 gravio
997 1068 1029 1120 ct
1040 1059 1184 1140 sanctus)

45 1171 84 1240 18,
100 1173 126 1227 9.
146 1171 214 1241 178,
231 1173 262 1227 3.
280 1187 315 1227 ez
326 1165 604 1248 poorcloemennos
612 1163 693 1247 offet
708 1164 765 1225 dre
778 1183 890 1224 mozon
905 1162 1040 1226 vaillant
1053 1162 1097 1224 ha
1110 1183 1183 1224 san·

43 1269 77 1331 tel
87 1269 187 1352 (jubeo
206 1271 352 1346 firmiter,
370 1269 446 1353 quia
467 1281 535 1332 erat
554 1268 659 1352 gravis
674 1279 706 1330 et
721 1271 864 1348 sanctur)
882 1273 954 1343 210,
976 1275 1006 1328 5.
1030 1267 1130 1330 dirtro
1144 1289 1184 1329 on

42 1383 80 1434 tro
95 1395 146 1437 oue
164 1395 206 1438 an
226 1375 312 1438 brois
332 1395 389 1437 rac
410 1395 482 1438 maz
500 1374 549 1436 int
566 1373 653 1436 ecniz
673 1372 1184 1456 smncqqantlanqour(ve1taris

40 1491 213 1542 nomentum
228 1483 271 1542 od
286 1480 479 1542 habitatores
495 1491 605 1554 terme,
620 1479 695 1561 quio
706 1488 783 1540 eunt
793 1477 923 1542 obnoxii
934 1477 1094 1559 languori)
1111 1483 1182 1554 190,

41 1590 82 1644 28.
103 1585 291 1648 moroaillou
313 1607 348 1648 ro
364 1587 438 1648 duct
455 1631 462 1645 .
484 1631 491 1646 .
509 1606 566 1648 rac
579 1606 691 1648 mazca
704 1583 821 1646 homan
837 1583 940 1646 hanes
955 1591 1061 1646 rantes
1077 1583 1184 1664 (mira-

39 1687 96 1751 cula
108 1699 179 1752 sunt
193 1689 290 1765 facto,
309 1688 384 1772 quia
399 1689 476 1751 hoec
491 1689 553 1751 fuit
568 1700 678 1752 sancto
692 1688 854 1770 monialis)
872 1695 923 1764 46,
945 1695 973 1750 1.

106 1797 224 1858 Armor.
243 1817 317 1856 maz
339 1815 412 1856 cum
433 1815 542 1877 praep.
559 1794 646 1878 epuit
660 1797 705 1877 (p.
726 1797 801 1875 653)
817 1804 873 1856 aut
892 1793 989 1856 etiam
1005 1795 1072 1858 sola
1086 1793 1183 1877 signi·

37 1900 119 1962 licens
139 1900 192 1963 let.
210 1909 248 1963 ut
257 1927 269 1962 .·
292 1900 379 1982 cpuit
392 1921 463 1962 maz
479 1901 543 1983 duy
560 1901 662 1983 dezof
669 1898 795 1982 rqoient
811 1945 818 1960 .
839 1946 846 1960 .
866 1899 976 1979 deomp
991 1919 1028 1961 en
1044 1899 1119 1962 bont
1134 1901 1185 1979 (ut

36 2004 124 2066 redeat
144 2003 172 2066 ei
193 2004 407 2080 conscientie,
434 2005 598 2086 obeamus)
615 2004 700 2068 Buh.
721 2010 772 2081 58,
793 2012 822 2066 7.
845 2025 894 2067 me
916 2003 1005 2087 bcnip
1027 2005 1070 2067 do
1093 2005 1184 2068 dreia

34 2109 178 2172 aermon
193 2109 262 2174 cuit
276 2131 348 2172 maz
360 2109 445 2192 quit·
455 2117 536 2192 pant
550 2110 666 2192 dipoon
679 2110 845 2191 (benedico
860 2111 980 2192 figurae
997 2119 1069 2172 tuoe
1082 2131 1180 2187 nunc,

34 2225 63 2274 nt
81 2217 179 2278 videas
200 2215 273 2278 sine
293 2213 496 2296 difficultate)
516 2221 594 2292 124,
616 2221 665 2278 13.
697 2237 767 2278 maz
785 2215 905 2299 quillis
913 2215 992 2296 plen
1015 2215 1185 2278 loouonhat

32 2319 84 2380 mir
102 2343 118 2382 e
134 2322 209 2405 quir
228 2329 298 2384 stat
317 2341 370 2382 mo
384 2322 531 2384 craeadur
546 2322 597 2402 (ut
611 2321 731 2403 possim
746 2341 818 2382 vere
832 2321 980 2402 gaudere,
1000 2341 1089 2382 serve
1103 2320 1183 2383 bene

31 2421 167 2488 infantem
180 2427 307 2506 meum)
321 2431 372 2500 44,
391 2431 440 2488 19.
459 2447 528 2488 naen
536 2426 620 2510 pidy
636 2448 688 2488 mo
704 2424 894 2508 dirquiblion
906 2446 977 2487 Μαι
988 2425 1130 2510 rohenty
1143 2426 1183 2489 Iro

32 2527 203 2594 lenedr'ction
216 2531 351 2613 (rogabo
365 2529 537 2613 discipulos
553 2553 651 2608 meos,
666 2541 702 2594 ut
717 2533 795 2594 dent
809 2529 1062 2593 benedictionem
1076 2537 1181 2612 sunm)

35 2638 91 2710 118,
108 2639 157 2698 23.
182 2636 300 2720 dipant
320 2657 396 2698 roen
408 2635 482 2718 plen
496 2658 531 2697 ez
543 2635 718 2720 youlenoff
728 2683 735 2697 .
757 2683 764 2696 .
782 2655 853 2698 maz
868 2634 1039 2718 oizifplon
1055 2636 1098 2700 lto
1113 2635 1181 2698 dia-

30 2739 85 2820 nas
96 2743 126 2820 (n
144 2763 218 2824 rege
244 2755 346 2804 terrae
366 2753 451 2824 peto,
470 2751 507 2802 ut
528 2741 589 2802 sim
610 2761 710 2822 purus
731 2751 764 2802 et
785 2739 855 2802 sine
874 2741 1013 2820 mocula)
1031 2747 1107 2816 132,
1130 2749 1179 2803 16.

31 2841 174 2909 Praecedit
203 2847 371 2910 interdum
397 2845 476 2908 haec
506 2843 662 2928 partiendo
692 2843 932 2927 imperativum:
964 2865 1035 2908 maz
1065 2845 1180 2928 oizimp

24 2947 111 3026 franc
134 2951 231 3015 diano
254 2951 349 3014 dione
362 2971 428 3032 pap
451 2973 575 3034 anquen
591 2949 705 3030 (simus
727 2949 828 3026 liberi,
847 2959 991 3034 expertes
1008 2950 1112 3012 omnis
1127 2973 1181 3013 cu-

29 3057 100 3137 ncl)
111 3063 161 3133 28,
173 3063 227 3120 21.
246 3077 320 3119 maz
332 3053 500 3139 prochimp
516 3061 608 3134 apret
619 3053 785 3134 (sociemus
799 3077 885 3118 nunc
897 3055 921 3136 l)
939 3062 1049 3131 14,15.
1076 3055 1181 3118 Immo

29 3156 117 3223 locum
143 3162 244 3224 etiam
274 3159 397 3223 obtinet
418 3155 592 3241 particulae
615 3158 749 3222 verbalis
771 3181 805 3220 ez
826 3163 878 3242 (p.
897 3165 998 3242 427);
1023 3161 1085 3224 hon
1107 3162 1180 3226 cha-

30 3265 69 3326 tol
85 3266 142 3330 lton
163 3266 317 3330 amuclet
335 3287 369 3328 ro
384 3285 478 3327 maru
496 3311 503 3325 .
524 3311 531 3324 .
549 3284 691 3346 mazomp
700 3265 889 3346 poeticoet.
910 3311 918 3327 .
936 3286 1007 3328 maz
1022 3289 1056 3328 eo
1073 3275 1182 3330 truant

28 3367 78 3432 ton
96 3381 235 3436 mrantur
251 3374 373 3453 (noster
387 3391 475 3452 grex,
492 3379 602 3432 nostra
616 3370 766 3434 animalia
781 3381 857 3433 sunt
871 3383 997 3434 mortun
1015 3419 1022 3434 .
1043 3419 1050 3432 .
1069 3393 1180 3434 eumue

28 3473 89 3536 lecti
108 3498 276 3562 pauperes.
298 3525 305 3539 .
326 3525 332 3538 .
351 3475 467 3538 misera
488 3485 536 3538 est
558 3496 624 3538 sors
645 3479 766 3558 nostro)
786 3481 856 3553 128,
876 3483 906 3538 9.
928 3483 977 3538 11.
1002 3477 1079 3538 doct
1092 3499 1126 3538 oo
1141 3477 1180 3540 lte

22 3589 85 3658 pret
102 3602 169 3646 maz
191 3606 228 3646 eo
249 3591 299 3646 ret
320 3582 436 3664 decedy
453 3579 555 3662 (venit
571 3589 697 3663 tempus
712 3581 792 3662 ejus,
811 3591 859 3642 est
874 3601 1001 3642 necesse
1016 3582 1178 3662 decedere)

29 3689 87 3760 no,
106 3689 161 3749 n·
700 3703 702 3712 ¹

95 3793 125 3855 d.
151 3795 268 3870 KYN,
285 3794 379 3858 KYT
392 3791 582 3874 (quamvis):
599 3813 637 3854 ac
646 3789 823 3874 pmpyrclm
835 3811 998 3872 eurupam.
1013 3789 1116 3874 acbpn
1130 3791 1179 3852 boi

26 3893 89 3956 drut
100 3896 218 3983 dynny.
235 3921 279 3983 ny
296 3899 337 3961 bu
351 3897 404 3962 tir
418 3897 477 3980 poi
490 3897 706 3982 ymbyrrpwyt
720 3895 791 3976 i(et
803 3915 988 3960 concurrere
1000 3896 1173 3978 coepimus,

25 4065 217 4081 ‘'b-——n--n——a

80 4189 91 4214 ‘
108 4189 228 4244 Omnino
242 4189 334 4244 differt
345 4209 411 4256 maz,
427 4209 481 4244 mec
493 4207 542 4262 pro
554 4209 595 4242 me
607 4209 633 4256 α,
649 4189 691 4243 vel
703 4207 752 4260 pro
764 4207 886 4260 pronom.
901 4207 954 4252 nia,
969 4189 1061 4241 addito
1073 4207 1101 4240 2:
1118 4207 1174 4240 nea:

24 4269 119 4334 estnec
135 4275 218 4344 (reni,
234 4275 340 4328 locatus
361 4277 430 4346 eum)
444 4277 515 4328 Buh.
534 4279 572 4338 11,
591 4279 613 4327 1.
635 4293 689 4327 mez
706 4294 723 4326 a
742 4292 880 4343 praemeren
898 4291 937 4327 em
949 4273 1067 4342 penrrot'q
1081 4271 1175 4342 (sumni

24 4351 47 4406 lo
61 4359 196 4413 consilium
217 4361 320 4430 meum)
338 4363 392 4424 122,
416 4363 455 4414 18.
477 4363 514 4413 oll
531 4361 577 4412 dre
597 4377 654 4412 nioz
666 4359 724 4428 quic
736 4377 763 4412 ec
770 4357 895 4428 punitori·
909 4359 1012 4426 (omnes
1025 4357 1172 4408 secundum

23 4453 94 4493 meum
106 4446 333 4499 consuetudinem
346 4446 510 4514 puniuntur;
525 4467 562 4488 ==
572 4445 618 4498 dre
630 4461 673 4496 ma
686 4445 773 4512 quiet)
790 4449 847 4504 144,
867 4449 904 4494 ro.

898 4536 935 4588 41
948 4529 963 4556 '
