3082 5070
300 381 483 427 Arrnnnlx.
516 379 777 426 VOCABULARIUM
794 379 977 424 CORNIGUM.
1143 359 1227 420 1103

70 531 176 609 stolus,
202 533 335 615 apostol.
378 531 663 616 Archiepiscopus,
687 530 867 613 orcheaoop.
908 528 1102 614 Episcopus,
1126 549 1227 611 areop.

70 641 219 722 Regnum,
238 637 420 722 rua'fanor'd.
453 637 572 713 abbas,
590 638 674 702 odat.
708 637 878 712 Presbiter,
897 635 1100 698 hebrenodr'at
1113 634 1191 718 plui
1205 633 1227 696 l.

70 743 187 828 oseriat.
221 744 385 820 Sacerdos,
404 745 581 826 prounder.
614 741 768 819 Clericus,
792 742 918 824 cloireq.
951 741 1114 804 Diaconus
1136 729 1163 802 l.'
1185 741 1229 803 le·

71 849 140 925 uita,
158 849 286 933 diopon.
313 849 505 924 Monachus,
523 847 669 912 manueli.
694 849 855 912 Monacha
869 848 892 909 l.
910 846 1070 922 monialis,
1084 867 1226 910 manaae.

70 955 281 1030 Anachoreta,
304 975 415 1016 arcear.
449 955 634 1032 Her-emita,
659 954 763 1017 ermit.
796 955 926 1028 Nonna,
952 951 1064 1016 lainea.
1096 953 1227 1026 Cantor,

70 1059 194 1123 clenrbt.
238 1060 389 1136 Cantrix,
416 1081 556 1123 canores.
594 1061 726 1135 Lector,
750 1059 868 1122 rodier.
907 1057 1051 1133 Lectrix,
1076 1057 1227 1120 redr'orea.

71 1165 187 1242 LaicuS,
212 1166 283 1229 laic.
316 1165 455 1240 Coniux,
479 1163 623 1247 cheapar.
657 1165 784 1241 CastuS,
799 1165 894 1248 quas.
927 1164 1086 1238 IncestuS,
1104 1163 1226 1246 aqenr'p.

71 1272 211 1348 Pulcher,
238 1281 299 1355 leq.
332 1272 513 1346 Formosus,
530 1270 662 1354 faldas.
697 1270 865 1354 Speciosus
887 1269 909 1330 l.
934 1269 1076 1342 decorus,
1103 1267 1227 1330 carder.

70 1377 229 1454 Deformis,
242 1377 353 1442 dr'ala'n.
379 1377 485 1452 Pater,
498 1385 554 1440 tot.
579 1378 800 1452 Marenmam.
822 1373 1063 1451 Auusdrendat.
1082 1375 1227 1448 Abauus,

69 1479 189 1566 lenqoq.
224 1485 383 1558 Proauus,
401 1481 506 1566 ὀψο).
538 1483 689 1558 Attauus,
704 1481 861 1566 pnrlhop.
892 1479 1004 1556 Filius,
1022 1479 1106 1542 mab.
1135 1478 1228 1552 Filia,

73 1640 79 1645 .
85 1639 144 1646 ...-.--
180 1637 274 1646 ..a—a·-

70 1736 127 1800 clna,
142 1738 212 1791 unda
232 1745 401 1807 transgressa
412 1735 495 1788 luerit
507 1735 588 1787 etiam
601 1735 629 1788 in
643 1735 733 1790 locum
746 1735 830 1789 solius
843 1737 884 1788 cla.
911 1735 965 1790 Sed
978 1735 1069 1789 forsan
1082 1735 1231 1805 descriptor

72 1821 233 1876 vocabularii
245 1823 351 1877 literam
364 1839 380 1874 a
391 1819 569 1873 britannicam
580 1821 623 1873 vel
633 1821 767 1874 cornicem
777 1821 845 1873 rirale
855 1822 979 1875 confudit
988 1839 1049 1874 cum
1057 1809 1230 1890 pldiatinota

70 1913 106 1957 est
112 1906 179 1960 enim
187 1907 322 1978 scriptio),
331 1915 371 1970 ut,
380 1906 403 1959 si
410 1905 473 1958 huic
479 1905 555 1957 locus
562 1921 617 1958 non
623 1913 673 1970 eet,
682 1906 799 1976 legenda
805 1906 841 1958 ait
848 1923 984 1977 emperv.
994 1905 1103 1976 profuit
1110 1906 1147 1976 (p.
1158 1906 1228 1975 111).

70 2007 144 2060 areop,
163 2009 229 2046 arm.
244 1994 333 2062 aalma
348 1991 447 2044 cambr.
462 1991 555 2058 capot.-
575 1990 609 2042 cf.
627 1991 733 2044 hibern.
748 1999 802 2044 vet.
821 2009 922 2061 epscop,
936 1992 1001 2046 hod.
1016 1991 1119 2061 eorbop.
1143 1990 1230 2060 raiso-

70 2075 127 2128 naid
136 2077 246 2132 obvium
259 2085 288 2131 et
299 2077 384 2131 inlrar
396 2075 506 2146 yuuilen
518 2075 666 2144 rur'sanaid,
680 2085 825 2146 sceptrum,
839 2077 875 2130 ad
887 2077 961 2147 quod
973 2085 1001 2129 et
1012 2077 1150 2147 portinent
1162 2075 1232 2129 infra

70 2175 141 2228 porro
159 2163 301 2232 sequentia
319 2161 450 2232 russam,
463 2161 566 2231 regina,
579 2161 722 2230 partemin
740 2162 808 2230 ruis,
823 2161 951 2226 edictum,
966 2180 1016 2215 nec
1035 2163 1124 2216 aliena
1137 2161 1231 2215 viden·

70 2251 109 2297 tur
125 2247 189 2316 rru's,
204 2265 305 2311 remus,
320 2246 455 2314 ruisodar,
470 2263 576 2310 remex;
598 2254 640 2300 est
656 2248 728 2300 euim
746 2247 828 2302 hodie
841 2265 949 2318 quoque
963 2247 1062 2300 cambr.
1076 2249 1176 2317 rltwuf,
1190 2265 1231 2302 re·

71 2345 124 2384 mus
135 2338 162 2385 et
169 2333 275 2404 jussus,
289 2332 425 2401 diapson,
439 2332 593 2400 rlrwysaau,
605 2331 746 2396 dominari,
758 2334 965 2402 rllwyfam'aetl,
976 2334 1133 2397 dominatio,
1143 2334 1231 2402 rlrwy-

64 2415 152 2480 fanaa,
173 2417 354 2481 dominatrix,
377 2417 551 2487 rhwyfiadan
572 2418 745 2487 gubernator.
771 2419 805 2471 In
824 2419 899 2471 Mab.
916 2423 945 2482 2,
961 2423 1027 2473 3902
1050 2418 1159 2487 paor'lym
1180 2419 1231 2470 aab

71 2503 140 2570 rwys
145 2503 238 2570 fraino
259 2502 324 2572 (Gu.
344 2501 417 2554 filius
441 2503 513 2572 regis
532 2503 720 2574 Francorum).
754 2503 953 2558 Conferendum
971 2519 1050 2572 porro
1070 2521 1168 2555 nornen
1188 2521 1231 2556 ve-

72 2591 166 2641 tustum
177 2587 269 2642 Remi.
296 2585 481 2656 Separandum
493 2605 557 2656 ergo
570 2595 612 2642 est
623 2605 683 2658 ray,
697 2605 755 2641 rer.
774 2587 1019 2656 habrenaltiatplur‘,
1033 2587 1051 2639 i.
1067 2605 1090 2639 e.
1106 2587 1162 2640 dux
1175 2587 1231 2657 ple-

72 2667 116 2733 bia,
128 2675 286 2740 parochiam
302 2672 478 2738 labrenolu'at,
493 2671 563 2726 infra
575 2671 726 2725 demandat
739 2672 776 2743 (p.
786 2673 857 2742 805),
867 2672 930 2741 placi
942 2671 978 2741 (p.
992 2672 1061 2742 163).
1080 2670 1187 2740 oferr‘ot,
1203 2672 1231 2725 in

72 2753 131 2825 leg.
144 2759 260 2828 ej'er'ra'at,
275 2759 313 2829 pl.
327 2757 436 2826 lembt,
447 2755 578 2826 eseiryar't,
592 2757 676 2810 deris.
691 2776 707 2810 a
718 2759 805 2812 subst.
820 2762 879 2827 oser
892 2758 1004 2828 (missa),
1016 2757 1089 2810 unde
1102 2765 1130 2810 et
1141 2759 1230 2826 osi-um

74 2838 197 2914 (oblatio),
212 2863 228 2898 e
240 2845 288 2897 lat.
303 2845 409 2914 offerre.
425 2843 571 2911 procudet,
586 2849 781 2896 transsumtum
794 2844 841 2896 lat.
851 2842 1069 2912 praebendarius,
1085 2851 1230 2896 transsum-

72 2931 110 2978 tae
126 2927 161 2980 ita
175 2938 202 2983 et
215 2937 360 3000 sequentes
373 2945 452 2982 voces
464 2928 561 2996 clairay
576 2928 652 2998 (arm.
667 2926 776 2991 oloarec,
790 2946 818 2997 p.
837 2933 893 2980 115.
911 2929 980 3000 18-1),
995 2928 1091 2998 diapan
1106 2929 1143 3000 (p.
1161 2929 1229 2998 181),

73 3015 184 3080 monach,
198 3033 308 3068 menaea
322 3014 431 3085 (cambr.
441 3013 589 3076 monaches,
603 3029 629 3082 p.
640 3013 711 3083 801),
722 3031 813 3076 onear,
824 3014 902 3068 carnit
916 3013 1006 3084 (supra
1020 3013 1094 3083 quod
1106 3013 1233 3068 scribitur

73 3093 97 3147 in
115 3097 204 3154 codiee
224 3101 274 3153 ha
285 3117 367 3153 manu
379 3097 548 3166 recentiore),
563 3105 592 3150 et
603 3115 666 3150 mox
679 3097 748 3150 inlra
761 3097 818 3150 laic.
844 3099 935 3163 hines,
950 3117 1047 3152 armor.
1062 3099 1156 3162 hanes,
1172 3116 1232 3152 san·

73 3181 236 3249 stimonialis,
257 3186 286 3240 iu
305 3185 377 3240 Buh.
391 3185 440 3256 sq„
461 3183 556 3245 leandi,
571 3183 763 3236 monasterium
783 3184 942 3253 puellarum,
958 3185 1029 3236 Buh.
1046 3188 1086 3248 18,
1103 3188 1143 3236 15.
1160 3188 1200 3248 38,
1215 3187 1231 3236 4
1270 3233 1274 3242 ,
1320 3205 1325 3224 ·

75 3263 114 3334 (cl.
130 3270 192 3326 hod.
215 3271 252 3334 le,
274 3271 394 3340 votum),
414 3268 513 3324 cambr.
534 3268 632 3334 lleian,
652 3267 797 3333 monacha,
818 3270 890 3322 unde
910 3269 1067 3335 lleionaetlr,
1089 3265 1229 3334 lleianiuol,

73 3349 189 3426 lla'orrdy.
211 3355 315 3408 clmrbt
329 3355 366 3425 (p.
377 3355 447 3425 808),
463 3355 563 3407 cambr.
577 3354 687 3419 casiod,
702 3370 805 3417 acano,
821 3371 924 3418 canere,
937 3356 1009 3408 unde
1021 3363 1049 3408 et
1061 3373 1158 3420 conwr,
1171 3373 1232 3409 can-

73 3441 140 3501 tone
152 3459 208 3512 quo
219 3439 340 3494 motione
353 3439 504 3494 factumest
516 3457 631 3510 sequens
644 3456 761 3492 carrarca.
780 3439 877 3504 radr'or,
889 3441 1012 3506 radiaret,
1025 3459 1039 3494 e
1051 3441 1133 3496 verbo
1143 3443 1230 3512 redye,

74 3517 162 3590 legere,
176 3526 254 3578 Pasa.
272 3528 327 3590 187,
342 3527 367 3586 3,
382 3523 455 3577 unde
467 3525 558 3594 radyn,
573 3524 698 3594 legimus,
718 3527 777 3588 tot,
793 3529 817 3590 3,
832 3527 919 3596 redyr,
934 3527 1029 3590 lectus,
1048 3529 1143 3592 189,1,
1159 3528 1231 3598 quod

74 3613 110 3658 ert
126 3617 320 3664 naussumtum
339 3608 412 3679 angl.
433 3610 506 3662 read.
541 3611 651 3680 altapar
669 3609 697 3662 in
717 3610 809 3664 codice
828 3612 973 3683 legendum
991 3612 1099 3666 ridetur
1116 3613 1230 3677 clamor,

75 3692 165 3747 ambr.
179 3695 291 3764 eymltar
304 3694 342 3764 (p.
357 3699 415 3748 tat.
427 3695 498 3765 871),
513 3697 543 3750 ni
562 3704 604 3749 est
621 3713 671 3766 pro
689 3697 798 3765 caspar
811 3697 848 3767 (p.
864 3699 936 3768 875).
954 3701 1031 3766 quas,
1046 3699 1144 3767 apena'p,
1160 3700 1233 3751 inco-

74 3777 157 3843 gnitae
169 3781 279 3836 aliunde
292 3797 385 3844 voces3
399 3797 465 3833 arm.
480 3781 545 3834 hod.
557 3783 641 3850 paros,
650 3781 721 3852 pons
729 3781 832 3834 hastam
846 3781 988 3852 significat.
1010 3787 1050 3851 tay
1061 3783 1104 3851 (cl.
1114 3784 1152 3848 11,
1163 3783 1231 3851 39)).

68 3860 170 3930 sardas,
191 3883 258 3918 arm.
280 3864 344 3920 hod.
357 3866 469 3933 suarna,
482 3867 571 3934 sarua,
591 3866 711 3931 vincens,
732 3867 911 3936 praevalidus,
932 3885 955 3920 e.
975 3885 1015 3937 gr.
1037 3883 1167 3930 sermone,
1189 3866 1233 3918 hic

74 3941 152 4001 forma
168 3945 475 4021 praevalidirscorder,
495 3952 549 4022 adj.
570 3969 625 4016 cor,
640 3960 672 4006 ut
689 3953 805 4015 videtur,
821 3969 882 4004 cum
901 3951 1004 4021 syllaba
1021 3955 1147 4020 suspecta
1164 3951 1230 4013 aar,

75 4045 136 4098 quae
147 4035 377 4090 substantivorum
390 4043 496 4090 tantum
509 4037 640 4091 derivatio
653 4046 694 4091 est
708 4039 745 4108 (p.
761 4037 833 4107 797).
852 4035 933 4089 dualia
946 4037 984 4106 (p.
1000 4036 1071 4105 866).

141 4121 200 4184 Tot,
215 4121 313 4196 marlot
327 4120 364 4190 (p.
379 4122 465 4192 1095),
480 4141 552 4174 nram
563 4148 597 4166 =
610 4141 716 4188 mamm,
731 4139 847 4176 mammo
861 4122 898 4192 (p.
911 4121 1049 4191 132133),
1066 4137 1144 4174 voces
1156 4137 1171 4172 e
1183 4121 1233 4173 lin·

74 4215 123 4267 gua
139 4205 282 4270 inlautum,
302 4223 370 4278 quae
388 4216 576 4262 successerunt
595 4207 731 4262 inlocum
750 4208 946 4279 primitivarum
962 4212 1042 4276 pater
1063 4204 1107 4275 (--
1127 4205 1232 4258 hibern.

73 4296 121 4340 ret.
138 4291 218 4356 athir,
239 4307 354 4346 excussa
366 4311 397 4362 p,
417 4309 444 4363 p.
460 4294 512 4365 77),
534 4299 647 4360 maner,
666 4300 750 4348 molar
765 4293 810 4364 (ol.
831 4292 930 4346 cambr.
951 4297 1060 4360 metrop,
1079 4297 1231 4354 matertera,

73 4384 97 4436 p.
111 4375 179 4448 805).
207 4377 317 4448 darpop,
332 4379 419 4447 ἀέρσῃ,
433 4379 565 4452 parhoqp,
581 4379 730 4450 composita
746 4395 806 4432 curn
820 4397 875 4448 cop,
892 4386 923 4430 ut
935 4378 1042 4430 videtur
1057 4376 1187 4446 (paralum
1201 4401 1235 4420 ==

71 4463 191 4532 waltoff,
208 4463 286 4533 ἀέρσῃ
306 4490 338 4508 τ-
358 4463 436 4532 dr'pop
454 4481 487 4517 an
507 4465 600 4535 dr'cloq
609 4466 644 4534 1),
659 4483 728 4536 quaa
748 4483 801 4517 vox
820 4465 915 4536 ignota
934 4470 975 4516 est
993 4462 1073 4516 etiam
1087 4463 1234 4516 cambricae
