3004 5066
292 373 372 434 1012
416 392 601 434 arcannm.
635 391 801 434 sesemen
817 391 1139 436 comorsmrsnnmrm
1156 393 1327 436 rnrscmnr
1344 393 1392 437 sc.

293 542 342 604 vel
365 551 389 617 t,
408 541 457 604 vel
473 563 505 616 x,
525 561 640 604 sonum
660 561 826 622 ygraecae
848 538 974 604 videtur
989 541 1116 618 habere,
1135 551 1173 604 ut
1188 540 1292 617 video,
1312 541 1390 618 vim,
1404 542 1455 605 vir·

294 659 359 722 tus,
377 646 502 722 vitium,
521 646 585 708 vix.
619 646 648 708 U
671 655 779 708 autem
800 645 945 728 quamvis
960 657 1172 722 contractum,
1189 647 1333 710 eundem
1349 656 1455 722 tamen,

294 755 354 816 hoo
376 763 435 827 cst,
458 773 478 833 y
500 750 596 814 habet
617 771 744 826 sonum,
762 751 847 813 inter
861 773 881 833 q
897 761 929 814 et
944 773 972 827 e,
990 751 1041 814 vel
1058 751 1081 828 i,
1107 751 1157 814 vel
1172 773 1210 814 ae
1225 751 1458 834 diphthongum

294 851 470 942 positum,⁸
490 867 528 917 ut
548 877 609 938 que
628 855 699 938 quis
717 877 809 938 quae.
842 857 912 920 Nec
926 878 993 918 non
1008 857 1092 919 inter
1105 878 1128 939 g
1142 868 1175 918 et
1189 857 1319 919 easdem
1336 857 1458 932 vocales,

296 985 370 1025 cum
385 961 420 1024 in
435 983 501 1024 une
517 961 638 1044 syllaba
653 962 698 1024 sic
713 959 887 1037 invenitur,
905 972 943 1024 ut
956 960 1088 1044 pingue,
1104 961 1247 1044 samguis,
1262 960 1407 1044 linguae.
1429 963 1461 1026 ln

297 1065 547 1131 consonantibus
558 1065 655 1130 etiam
667 1075 746 1128 sunt
757 1065 954 1128 differentiae
964 1066 1085 1148 plures,
1096 1065 1339 1130 transeuntium
1350 1067 1384 1129 in
1396 1067 1461 1130 aliu

297 1185 329 1237 et
344 1195 409 1236 non
426 1171 673 1248 transeuntium,
691 1171 809 1255 quippe
825 1171 968 1234 diversae
983 1181 1060 1234 sunt
1074 1170 1253 1254 potestatis.

383 1279 462 1360 Cap.
482 1277 548 1339 Ill.
587 1275 714 1339 Accidit
739 1275 838 1359 igitur
863 1275 973 1339 literae
1000 1297 1137 1352 nomen,
1166 1277 1288 1359 ligura,
1320 1287 1459 1360 potestas.

298 1387 436 1458 Nomen,
454 1381 543 1444 velut
558 1404 588 1459 a,
605 1383 638 1444 b.
668 1382 711 1444 Et
726 1391 803 1444 sunt
818 1380 1057 1444 indeclinabilia
1072 1393 1138 1444 tam
1153 1383 1240 1465 apud
1254 1381 1399 1447 Graecos
1413 1384 1462 1446 eie

297 1501 478 1553 mentorum
500 1486 631 1550 nomina
653 1507 750 1569 quam
772 1487 858 1568 apud
874 1486 1018 1563 Latinos,
1036 1488 1102 1550 sive
1123 1487 1209 1569 quod
1231 1508 1251 1549 a
1265 1487 1410 1552 barbaris
1422 1489 1461 1550 in·

298 1607 394 1658 venta
408 1593 569 1667 dicuntur,
584 1590 650 1653 sive
665 1591 751 1674 quod
766 1589 940 1674 simplicia¹
958 1592 1036 1656 haec
1051 1602 1084 1655 et
1096 1587 1244 1654 stabilia²
1261 1613 1336 1656 esse
1348 1595 1461 1668 debent,

299 1700 390 1784 quasi
419 1699 665 1761 hindamentum
688 1695 792 1759 omnis
813 1696 975 1760 doctrinae
996 1677 1200 1772 immobilefl
1219 1697 1287 1760 sive
1312 1699 1399 1780 quod
1415 1719 1463 1760 nec

299 1801 411 1868 aliter⁴
426 1803 512 1887 apud
525 1801 657 1866 Latinos
673 1812 820 1885 poterant
834 1823 915 1880 esse,
929 1824 1003 1866 cum
1018 1825 1037 1866 a
1052 1801 1119 1866 suis
1134 1802 1266 1866 vocibus
1281 1805 1408 1868 vocales
1419 1825 1463 1867 no

301 1911 475 1985 minentur,
494 1907 697 1971 semivocales
715 1929 788 1970 vero
803 1907 838 1969 in
853 1928 886 1970 se
901 1907 1061 1984 desinant,
1079 1919 1186 1972 mutae
1202 1931 1222 1971 a
1236 1930 1271 1972 sc
1286 1909 1464 1994 incipientes

301 2015 401 2079 vocali
425 2013 653 2090 terminentur,
679 2033 757 2095 quas
778 2012 805 2075 si
829 2010 971 2090 flectas,¹⁵
991 2009 1204 2097 significatio⁶
1224 2036 1358 2098 quoque
1379 2015 1463 2078 nomi·

300 2143 380 2184 num
401 2117 486 2183 una⁷
510 2113 707 2181 evanescit⁸
736 2117 870 2180 Vocales
889 2117 999 2201 igitur,
1017 2131 1054 2182 ut
1069 2119 1191 2182 dictum
1206 2131 1267 2196 est,
1285 2141 1395 2202 perse
1407 2140 1465 2204 pro

301 2223 407 2290 latae⁹
421 2244 538 2287 nomen
554 2245 649 2286 suum
664 2223 849 2287 ostendunt.
880 2221 1092 2288 Semivocales
1108 2245 1181 2288 vero
1196 2225 1237 2288 ab
1253 2246 1271 2288 e
1287 2224 1464 2309 incipientes

302 2345 335 2395 et
348 2332 382 2394 in
399 2351 432 2394 se
449 2328 666 2404 terminantes,
682 2329 801 2410 absque
814 2349 847 2404 x,
863 2349 945 2411 quae
955 2329 997 2391 sb
1008 2329 1020 2391 i
1032 2328 1146 2412 incipit
1156 2351 1213 2412 per
1223 2324 1465 2415 anastmphcn'·

302 2436 406 2520 graeci
425 2432 564 2498 nominis
581 2434 624 2510 xi,
643 2417 718 2516 quiia
733 2453 860 2496 necesse
875 2432 949 2509 fuit,
963 2455 1037 2496 cum
1052 2434 1095 2498 sit
1109 2434 1325 2512 semivocalis,
1346 2434 1465 2499 aroedi

302 2543 441 2626 incipere
470 2549 503 2601 ct
531 2539 619 2601 inse
642 2537 826 2614 terminare,
852 2558 933 2619 quae
952 2537 1124 2602 novissime
1144 2561 1163 2601 a
1185 2539 1317 2604 Latinis
1339 2553 1467 2606 assum

302 2659 374 2731 post
402 2665 512 2710 omnes
539 2641 701 2728 ponitnr¹¹
724 2641 849 2717 literas,
875 2641 990 2724 quibus
1011 2643 1130 2706 latinae
1153 2643 1315 2708 dictiones
1337 2639 1466 2730 egent¹²

304 2753 399 2820 Quod
420 2761 528 2813 autem
551 2751 590 2812 ab
612 2749 623 2810 i
644 2747 758 2830 incipit
780 2747 847 2830 ejus
870 2769 999 2824 nomen,
1021 2749 1161 2813 ostendit
1182 2750 1281 2814 etiarn
1300 2749 1466 2816 Servimin

304 2867 483 2920 commento
493 2849 519 2888 ¹¹
540 2855 626 2938 quod
648 2851 756 2916 scribit
777 2851 812 2914 in
828 2853 992 2916 Donatum
1015 2853 1065 2917 his
1080 2855 1202 2918 verbis:
1216 2851 1467 2920 ·Semivocalm¹‘

305 2973 381 3024 sunt
405 2971 537 3044 septem,
556 2979 637 3041 quae
659 2957 704 3019 ita
725 2957 941 3040 prosemntur,
959 2969 997 3020 ut
1011 2957 1164 3022 inchoent
1178 2961 1221 3023 ab
1235 2982 1255 3024 e
1270 2961 1370 3025 litera
1383 2971 1413 3023 et
1425 2959 1467 3020 de

305 3067 412 3128 sinant
433 3065 467 3126 in
487 3063 665 3126 naturalem
687 3083 813 3136 sonum,
831 3073 869 3123 ut
889 3062 930 3138 es,
949 3063 990 3139 el,
1008 3085 1070 3139 em,
1089 3085 1142 3140 en,
1160 3087 1205 3140 er,
1223 3088 1270 3142 es,
1288 3066 1337 3129 ix.
1372 3061 1469 3130 Sedis
1499 3051 1500 3054 ¹

305 3173 345 3233 ab
367 3169 378 3230 i
400 3168 540 3231 inchoat.
575 3168 612 3229 ld
632 3166 729 3228 etiam
746 3165 920 3248 Eutropius
934 3168 1102 3230 confirmat
1115 3169 1241 3232 dicens:
1271 3171 1349 3233 Una
1364 3168 1468 3251 duplex

306 3298 339 3351 x,
357 3295 438 3357 quae
458 3273 530 3336 ideo
552 3273 592 3334 ab
613 3271 624 3333 i
645 3269 770 3353 incipit,
789 3269 865 3352 quia
886 3272 972 3354 apud
986 3271 1125 3335 Graecos
1145 3272 1180 3335 im
1195 3276 1337 3338 eandem
1352 3271 1467 3338 desinit

308 3381 418 3442 Mutae
433 3388 540 3440 autem
556 3399 575 3439 a
590 3397 622 3439 se
638 3373 826 3457 incipientes
841 3385 873 3437 et
888 3374 923 3438 in
937 3376 1078 3440 vocalem
1093 3397 1110 3439 e
1125 3377 1323 3457 desinentes,
1343 3375 1469 3460 empus*

310 3563 518 3572 --—--——-

308 3678 368 3730 liter
385 3678 455 3730 neiis
471 3677 614 3731 cirriusom
635 3695 662 3730 .ι.
683 3695 747 3731 sar
761 3676 790 3730 .i.
804 3683 836 3730 ut
852 3678 982 3732 lomim
997 3679 1036 3750 (in
1053 3681 1151 3752 marg.)
1171 3681 1240 3734 cria
1252 3680 1296 3734 iu
1314 3679 1429 3734 lourffl
1440 3697 1468 3730 .ι

309 3761 411 3814 tardari
420 3765 458 3814 iri.
474 3768 504 3815 ut
511 3779 650 3831 mamus
657 3779 710 3831 pro
717 3761 848 3830 pessimus
883 3765 898 3815 8
920 3780 948 3815 .ι.
961 3765 1160 3834 ommtdtptiu

380 3846 429 3917 (θ)
470 3851 479 3898 l
507 3845 590 3900 airiit
604 3845 773 3900 commdicl.
794 3840 935 3915 offopraib
955 3847 1017 3904 liter
1037 3849 1109 3904 nuile
1125 3849 1305 3904 mdssiiatoe
1326 3868 1360 3903 .ι.
1380 3843 1470 3904 αὖ

308 3930 460 3999 comtuvdip.
476 3929 536 3984 liter
547 3949 581 3983 no
592 3929 645 3982 rili.
661 3930 862 3997 indidfririood
872 3931 978 4001 penitus
989 3933 1033 3986 rii·
1070 3939 1086 3988 2
1106 3951 1135 3987 .1.
1148 3951 1195 3988 osa
1207 3933 1275 3987 Μ
1309 3939 1328 3988 3
1347 3953 1376 4004 ς.
1389 3933 1419 3986 ι’
1426 3927 1470 3984 ab

308 4014 415 4083 infolio
427 4015 522 4068 nimau
556 4019 570 4067 4
592 4033 619 4068 .ι.
634 4015 689 4066 nisi
698 4015 895 4068 indeclinabilia
930 4021 945 4068 5
966 4035 994 4070 .ι.
1008 4035 1052 4071 uo.
1067 4023 1080 4070 7
1094 4019 1202 4072 semina
1218 4023 1232 4071 7
1245 4024 1313 4072 mut.

378 4105 394 4152 6
414 4117 443 4151 .ι.
457 4097 565 4151 iodim
584 4097 623 4151 dit
642 4097 715 4152 indii
732 4099 803 4152 raam
817 4117 845 4152 .ι.
860 4099 921 4153 inne
930 4129 933 4136 ·
941 4102 1129 4156 moreius.
1144 4103 1192 4158 risi
1203 4105 1248 4156 aius
1259 4103 1326 4156 risu
1337 4099 1469 4156 affl&

307 4183 444 4252 patiami.
463 4182 582 4236 clarebit
598 4187 653 4236 treo
663 4182 740 4251 setin
759 4183 842 4237 70th
858 4185 975 4238 iamlaid
990 4201 1039 4239 son
1054 4187 1110 4240 datr
1127 4185 1277 4240 medatem&
1288 4187 1328 4239 ri.
1380 4191 1394 4238 7
1414 4183 1470 4238 ab

309 4267 376 4320 aaz}
409 4271 424 4319 8
445 4285 473 4319 .ι.
489 4267 574 4320 &naid
587 4271 600 4317 7
613 4267 699 4320 aidaii
711 4287 740 4321 .1.
747 4269 873 4338 saedeirt
883 4269 912 4321 in
924 4269 992 4323 altor
1002 4287 1078 4324 mos

377 4355 393 4402 9
412 4351 517 4404 ocrilad
531 4359 661 4404 anamma·
698 4356 729 4405 lo
750 4372 778 4406 .ι.
794 4351 938 4424 campora
976 4359 1003 4408 ll
1025 4373 1054 4410 .1.
1068 4356 1134 4410 ordd
1148 4355 1344 4428 (1ὑὺρἰ
1381 4359 1411 4410 12
1425 4351 1469 4408 ὖ

307 4434 412 4503 iipnitti·
423 4435 483 4488 dam
496 4435 584 4488 coditi
621 4438 650 4486 1³
672 4453 700 4488 .ι.
715 4437 894 4492 hisrhhdcwd
929 4444 960 4492 ll
979 4439 1035 4494 im
1044 4459 1071 4493 rs
1083 4440 1148 4494 timo
1161 4441 1280 4496 trinam
