2978 5054
224 405 279 468 Vl.
301 411 329 466 l.
362 423 451 468 orno
465 423 744 469 cossrnncrrorcrs
760 423 981 470 ursnanrcrn.
1125 403 1184 468 881

60 597 94 652 ca,
109 574 178 658 quod
195 575 280 638 certis
303 574 379 638 locis
399 595 517 659 ponere
532 575 635 638 solent
649 573 684 638 in
700 573 859 640 sententia
874 573 985 658 quavis
1000 575 1187 661 praecipuas
1291 653 1294 660 .

58 693 139 765 partes
151 680 299 744 orationis
325 681 540 746 observandis
552 681 591 745 de
602 681 712 744 ordine
724 703 839 744 vocum
850 681 1006 744 accedunt
1017 703 1098 764 quae
1110 691 1188 745 sunt

58 787 155 872 propria
172 786 409 850 constructionis
429 786 733 871 ipsarum'partium
755 786 907 851 orationis
929 787 1184 872 praecipuarum,

57 893 165 956 nominis
181 893 227 956 rel
241 893 437 977 pronominis
453 904 486 956 et
500 891 598 969 verbi,
615 892 743 978 propria
756 904 814 956 aut
827 893 1055 977 congruentiae
1069 905 1126 958 aut
1140 915 1188 957 re·

55 997 156 1081 giminis
171 1010 224 1063 aut
237 1019 326 1062 casus.
359 998 409 1060 De
423 998 663 1083 particularum,
682 999 903 1063 adverbiorum
918 999 969 1062 vel
983 999 1188 1084 praepositio·

54 1125 113 1167 uum
125 1116 153 1168 et
164 1104 431 1190 conjunctionum,
446 1127 505 1168 nec
519 1127 586 1167 non
600 1104 819 1169 numeralium
833 1107 1069 1170 constructione
1080 1105 1189 1170 minus

54 1210 279 1293 praeeminentia,
297 1233 378 1295 quae
400 1210 460 1274 hoc
480 1210 549 1272 loco
570 1211 700 1274 demum
720 1233 740 1274 a
760 1212 952 1296 quibusdam
968 1222 1185 1296 exponuntur,

52 1316 140 1380 nslius
152 1317 183 1380 in
198 1318 354 1403 capitibus
367 1318 406 1380 de
418 1315 457 1379 iis
469 1315 621 1380 orationis
632 1319 776 1401 partibus
789 1321 970 1394 traduntur,
985 1329 1023 1380 ut
1034 1315 1122 1381 sit'in
1134 1317 1187 1381 iis·

51 1423 104 1485 dcm
116 1421 183 1488 locis
197 1425 370 1488 formarum
385 1435 418 1486 et
433 1422 651 1506 exemplorum
666 1445 752 1488 unus
767 1436 966 1509 conspectus.
992 1425 1084 1490 Quae
1095 1443 1188 1505 porro

29 1525 74 1589 'in
91 1527 165 1594 libris
184 1529 400 1614 grammaticis
422 1527 593 1592 hodiernae
615 1527 745 1612 linguae
766 1529 800 1594 in
816 1541 905 1614 parte
920 1531 959 1593 de
975 1528 1103 1613 syntaxi
1116 1549 1188 1612 pro·

48 1633 167 1698 leruntm
186 1639 224 1700 de
246 1635 421 1700 infectione
442 1655 656 1698 consonarum
670 1633 903 1714 inchoantium,
921 1635 1043 1720 eclipsi,
1061 1634 1189 1699 articuli

47 1738 130 1804 formis
149 1753 220 1820 etc,
239 1741 405 1826 pertinent
424 1741 465 1804 ad
484 1739 661 1804 doctrinam
676 1743 717 1805 de
732 1742 817 1806 sonis
834 1743 884 1806 vel
899 1741 1019 1806 formis.
1051 1742 1190 1805 Restant

41 1863 102 1943 ,ugo
120 1846 174 1910 hoc
194 1848 266 1912 loco
283 1850 446 1912 tractanda
461 1859 493 1911 et
509 1847 663 1930 exemplis
678 1870 696 1910 e
711 1849 872 1912 codicibus
888 1849 1044 1912 firmanda
1058 1847 1186 1912 nonnisi

45 1947 116 2014 baec:
141 1961 168 2016 1.
192 1956 271 2018 ordo
290 1954 547 2031 constructionis,
576 1957 605 2015 2.
623 1954 764 2018 nominis
785 1966 817 2018 et
831 1953 1029 2039 pronominis
1045 1965 1187 2019 consuu-

45 2055 100 2132 ctio,
120 2064 145 2121 ³.
163 2061 248 2123 verbi
264 2060 469 2124 constructio.
503 2061 632 2123 Harum
646 2060 840 2126 divisionum
854 2062 984 2145 regulae
998 2060 1188 2146 principales

43 2162 93 2224 suis
104 2163 196 2230 literis
212 2167 265 2230 vel
280 2165 421 2230 numeris
437 2165 609 2248 inscriptae
624 2166 873 2250 distinguentur.

471 2425 740 2435 ----..--——

155 2647 187 2720 I.
236 2647 557 2721 Constructio
583 2673 753 2742 prosae
779 2648 1041 2722 hibernica.

329 2863 358 2920 1.
396 2857 502 2921 Ordo
530 2857 875 2922 constructionis.

101 3041 288 3108 Sententiae
304 3041 444 3106 officium
460 3056 508 3108 est
524 3067 660 3108 asserere
676 3045 798 3129 aliquid
813 3045 852 3108 de
866 3066 1000 3130 persona
1015 3045 1066 3108 vel
1080 3067 1114 3108 re
1131 3044 1186 3108 ali-

35 3163 98 3226 qua;
120 3151 204 3234 quod
226 3147 392 3225 asseritur,
415 3150 650 3233 praedicatum,
675 3151 714 3213 de
737 3172 800 3233 quo
822 3129 990 3235 asseritur,¹
1007 3151 1187 3235 subjectum

33 3249 90 3329 dici,
105 3268 217 3320 notum
242 3265 303 3319 est.
335 3255 449 3331 Voces,
468 3277 548 3338 quae
563 3267 710 3320 asserunt
725 3255 775 3319 vel
790 3257 984 3340 praedicant,
1002 3257 1097 3342 primi
1112 3279 1186 3340 ergo

33 3361 164 3423 nomenti
187 3359 325 3425 suntin
347 3361 523 3437 sententia;
551 3373 635 3425 tacet
650 3363 706 3445 qui
721 3384 858 3426 asserere
873 3363 985 3426 nescit.
1019 3363 1188 3427 Sententia

32 3457 172 3530 hibernico
186 3453 375 3531 constructa
389 3488 480 3530 voces
495 3467 715 3552 praedicantes
730 3468 764 3531 in
780 3470 883 3553 primo
896 3469 965 3534 loco
980 3469 1082 3552 ponit.

100 3593 127 3634 a.
151 3573 227 3638 Vox
251 3585 327 3636 ante
349 3572 427 3636 alias
448 3573 634 3657 praedicans
651 3575 783 3638 verbum
799 3587 857 3638 est.
891 3575 1036 3639 Primum
1051 3576 1126 3640 inde
1141 3575 1186 3639 lo·

30 3692 89 3738 uun
106 3679 139 3741 in
159 3679 325 3742 sententia
340 3679 504 3743 hibernica
518 3680 641 3744 obtinet
656 3682 804 3744 verbum:
831 3680 995 3766 deincipiti
1008 3681 1186 3764 apollonius

30 3779 161 3858 (allinnat
180 3785 312 3870 Apoll.)
329 3785 385 3870 Sg.
407 3783 492 3850 158⁶.
517 3787 609 3850 terit
629 3785 704 3850 ca'ch
726 3785 810 3850 tritt
821 3787 971 3870 forarele
986 3787 1061 3870 (fert
1083 3787 1186 3872 quivis

25 3879 164 3963 judicium
180 3893 221 3956 de
237 3893 384 3978 proximo
400 3897 471 3975 suo)
484 3893 560 3955 Wb.
577 3889 642 3956 29¹⁸.
661 3891 792 3955 deberat
806 3889 891 3956 tuiti
904 3893 1070 3956 aeoibsena
1085 3893 1185 3956 isind-

28 3985 112 4058 lcosc'n
128 3997 186 4081 (gl.
207 3997 313 4061 omnis
329 3997 441 4081 lingua
456 3997 661 4062 confitebitur
675 4001 760 4080 deo),
779 3999 916 4062 reiecero
931 3999 1008 4062 erich
1025 3998 1185 4062 dardohen

24 4093 111 4174 sucin
127 4103 187 4187 (gl.
203 4125 291 4167 unus
306 4103 440 4188 quisque
455 4113 601 4168 nostrum
616 4127 673 4189 pro
689 4127 721 4168 se
733 4103 889 4167 rationem
900 4105 1010 4166 reddet
1021 4105 1093 4186 deo)
1107 4105 1182 4168 Wb.

26 4193 61 4263 θ’.
80 4203 236 4292 bempidc'r
259 4209 397 4294 inspirat
417 4211 527 4293 incorp
550 4211 694 4297 (spiritus
717 4211 856 4274 vivificat
877 4213 1004 4294 corpus)
1021 4209 1096 4274 Wb.
1119 4207 1182 4273 13⁶.

25 4307 135 4376 uctred
154 4315 237 4379 edelr
260 4315 404 4381 oc'rmc'tc'n
427 4315 578 4381 dialeilc'u
594 4315 711 4401 (quivis
727 4317 880 4379 honorem
895 4315 987 4377 alteri
1001 4316 1090 4397 dato)
1107 4317 1182 4380 Wb.

24 4409 58 4476 δ’.
88 4417 137 4483 lta
151 4421 255 4486 etiam
270 4421 522 4506 frequentissime
537 4425 571 4487 in
587 4423 786 4487 narratione:
809 4415 1072 4504 delluidpatrioe
1087 4445 1104 4484 o
1121 4422 1185 4486 the-

24 4523 96 4584 meir
116 4525 153 4588 ti
174 4525 267 4590 cm‘cd
283 4527 397 4612 lac'pen.
421 4577 428 4592 .
450 4577 456 4592 .
475 4527 553 4593 alise
562 4529 691 4613 petrico
708 4527 877 4592 dccbtllaclt.
900 4576 906 4590 .
929 4527 1094 4675 {imm
1108 4529 1184 4591 dot-

62 4637 122 4679 roc..
138 4627 178 4682 ll.
