<?xml version="1.0" encoding="UTF-8"?>
<!DOCTYPE html PUBLIC "-//W3C//DTD XHTML 1.0 Transitional//EN"
    "http://www.w3.org/TR/xhtml1/DTD/xhtml1-transitional.dtd">
<html xmlns="http://www.w3.org/1999/xhtml" xml:lang="en" lang="en">
 <head>
  <title>
</title>
<meta http-equiv="Content-Type" content="text/html;charset=utf-8" />
  <meta name='ocr-system' content='tesseract 3.04.00' />
  <meta name='ocr-capabilities' content='ocr_page ocr_carea ocr_par ocr_line ocrx_word'/>
</head>
<body>
  <div class='ocr_page' id='page_1' title='image "./grammaticacelti01zeusgoog_0481.png"; bbox 0 0 3004 5066; ppageno 0'>
   <div class='ocr_carea' id='block_1_1' title="bbox 68 371 1209 436">
    <p class='ocr_par' dir='ltr' id='par_1_1' title="bbox 68 371 1209 436">
     <span class='ocr_line' id='line_1_1' title="bbox 68 371 1209 436; baseline 0.003 -7"><span class='ocrx_word' id='word_1_1' title='bbox 68 387 228 431; x_wconf 82' lang='lat' dir='ltr'>rrrennrx.</span> <span class='ocrx_word' id='word_1_2' title='bbox 260 389 600 434; x_wconf 75' lang='lat' dir='ltr'>sracrnruecomcun</span> <span class='ocrx_word' id='word_1_3' title='bbox 619 391 761 435; x_wconf 80' lang='lat' dir='ltr'>nrannu.</span> <span class='ocrx_word' id='word_1_4' title='bbox 780 391 883 436; x_wconf 75' lang='lat' dir='ltr'>narso.</span> <span class='ocrx_word' id='word_1_5' title='bbox 903 391 1075 436; x_wconf 70' lang='lat' dir='ltr'>scaren.</span> <span class='ocrx_word' id='word_1_6' title='bbox 1126 371 1209 434; x_wconf 79' lang='lat'>1033</span> 
     </span>
    </p>
   </div>
   <div class='ocr_carea' id='block_1_2' title="bbox 23 537 1210 3384">
    <p class='ocr_par' dir='ltr' id='par_1_2' title="bbox 23 537 1210 3384">
     <span class='ocr_line' id='line_1_2' title="bbox 66 537 1209 625; baseline 0.003 -25"><span class='ocrx_word' id='word_1_7' title='bbox 66 537 170 601; x_wconf 89' lang='lat' dir='ltr'>dionrm</span> <span class='ocrx_word' id='word_1_8' title='bbox 186 560 294 622; x_wconf 88' lang='lat' dir='ltr'>genus,</span> <span class='ocrx_word' id='word_1_9' title='bbox 313 539 488 624; x_wconf 80' lang='lat' dir='ltr'>sapientiae</span> <span class='ocrx_word' id='word_1_10' title='bbox 502 541 573 604; x_wconf 91' lang='lat' dir='ltr'>luce</span> <span class='ocrx_word' id='word_1_11' title='bbox 589 542 802 625; x_wconf 83' lang='lat' dir='ltr'>praefulgens,</span> <span class='ocrx_word' id='word_1_12' title='bbox 822 565 841 604; x_wconf 95' lang='lat' dir='ltr'>a</span> <span class='ocrx_word' id='word_1_13' title='bbox 856 542 1051 606; x_wconf 88' lang='lat' dir='ltr'>Graecorum</span> <span class='ocrx_word' id='word_1_14' title='bbox 1067 541 1209 604; x_wconf 87' lang='lat' dir='ltr'>fontibus</span> 
     </span>
     <span class='ocr_line' id='line_1_3' title="bbox 65 644 1209 730; baseline 0.003 -24"><span class='ocrx_word' id='word_1_15' title='bbox 65 644 229 722; x_wconf 69' lang='lat' dir='ltr'>derivatim,</span> <span class='ocrx_word' id='word_1_16' title='bbox 248 645 379 710; x_wconf 89' lang='lat' dir='ltr'>Latinos</span> <span class='ocrx_word' id='word_1_17' title='bbox 399 647 526 730; x_wconf 91' lang='lat' dir='ltr'>proprio</span> <span class='ocrx_word' id='word_1_18' title='bbox 541 669 684 711; x_wconf 86' lang='lat' dir='ltr'>sermone</span> <span class='ocrx_word' id='word_1_19' title='bbox 700 647 828 711; x_wconf 85' lang='lat' dir='ltr'>invenio</span> <span class='ocrx_word' id='word_1_20' title='bbox 844 647 1027 724; x_wconf 81' lang='lat' dir='ltr'>celebrasse,</span> <span class='ocrx_word' id='word_1_21' title='bbox 1046 648 1126 710; x_wconf 87' lang='lat' dir='ltr'>etin</span> <span class='ocrx_word' id='word_1_22' title='bbox 1141 670 1209 711; x_wconf 90' lang='lat' dir='ltr'>om·</span> 
     </span>
     <span class='ocr_line' id='line_1_4' title="bbox 64 749 1208 836; baseline 0.005 -24"><span class='ocrx_word' id='word_1_23' title='bbox 64 749 142 813; x_wconf 88' lang='lat' dir='ltr'>nibus</span> <span class='ocrx_word' id='word_1_24' title='bbox 155 751 276 816; x_wconf 87' lang='lat' dir='ltr'>illorum</span> <span class='ocrx_word' id='word_1_25' title='bbox 292 753 425 836; x_wconf 87' lang='lat' dir='ltr'>vestigia</span> <span class='ocrx_word' id='word_1_26' title='bbox 439 753 643 818; x_wconf 87' lang='lat' dir='ltr'>liberalibus¹</span> <span class='ocrx_word' id='word_1_27' title='bbox 668 764 855 817; x_wconf 88' lang='lat' dir='ltr'>consecutos</span> <span class='ocrx_word' id='word_1_28' title='bbox 871 753 993 816; x_wconf 90' lang='lat' dir='ltr'>artibus</span> <span class='ocrx_word' id='word_1_29' title='bbox 1010 754 1116 830; x_wconf 88' lang='lat' dir='ltr'>video,</span> <span class='ocrx_word' id='word_1_30' title='bbox 1141 777 1208 818; x_wconf 91' lang='lat' dir='ltr'>non</span> 
     </span>
     <span class='ocr_line' id='line_1_5' title="bbox 64 855 1208 943; baseline 0.005 -25"><span class='ocrx_word' id='word_1_31' title='bbox 64 855 150 920; x_wconf 89' lang='lat' dir='ltr'>solum</span> <span class='ocrx_word' id='word_1_32' title='bbox 165 880 241 940; x_wconf 86' lang='lat' dir='ltr'>quae</span> <span class='ocrx_word' id='word_1_33' title='bbox 255 861 421 922; x_wconf 89' lang='lat' dir='ltr'>emendate</span> <span class='ocrx_word' id='word_1_34' title='bbox 437 859 555 923; x_wconf 88' lang='lat' dir='ltr'>abillis</span> <span class='ocrx_word' id='word_1_35' title='bbox 571 870 648 922; x_wconf 90' lang='lat' dir='ltr'>sunt</span> <span class='ocrx_word' id='word_1_36' title='bbox 663 860 791 943; x_wconf 90' lang='lat' dir='ltr'>scripta,</span> <span class='ocrx_word' id='word_1_37' title='bbox 810 861 864 922; x_wconf 91' lang='lat' dir='ltr'>sed</span> <span class='ocrx_word' id='word_1_38' title='bbox 880 861 977 923; x_wconf 89' lang='lat' dir='ltr'>etiam</span> <span class='ocrx_word' id='word_1_39' title='bbox 992 862 1146 943; x_wconf 90' lang='lat' dir='ltr'>quosdam</span> <span class='ocrx_word' id='word_1_40' title='bbox 1162 883 1208 924; x_wconf 89' lang='lat' dir='ltr'>er·</span> 
     </span>
     <span class='ocr_line' id='line_1_6' title="bbox 63 963 1209 1050; baseline 0.003 -26"><span class='ocrx_word' id='word_1_41' title='bbox 63 983 132 1024; x_wconf 86' lang='lat' dir='ltr'>rores</span> <span class='ocrx_word' id='word_1_42' title='bbox 144 983 245 1026; x_wconf 90' lang='lat' dir='ltr'>eorum</span> <span class='ocrx_word' id='word_1_43' title='bbox 260 987 365 1028; x_wconf 90' lang='lat' dir='ltr'>amore</span> <span class='ocrx_word' id='word_1_44' title='bbox 379 985 564 1047; x_wconf 86' lang='lat' dir='ltr'>graecorum</span> <span class='ocrx_word' id='word_1_45' title='bbox 578 967 744 1030; x_wconf 87' lang='lat' dir='ltr'>doctorum</span> <span class='ocrx_word' id='word_1_46' title='bbox 758 963 927 1050; x_wconf 87' lang='lat' dir='ltr'>deceptos²</span> <span class='ocrx_word' id='word_1_47' title='bbox 943 967 1073 1042; x_wconf 85' lang='lat' dir='ltr'>imitari,</span> <span class='ocrx_word' id='word_1_48' title='bbox 1088 967 1122 1030; x_wconf 89' lang='lat' dir='ltr'>in</span> <span class='ocrx_word' id='word_1_49' title='bbox 1139 967 1209 1050; x_wconf 90' lang='lat' dir='ltr'>qui-</span> 
     </span>
     <span class='ocr_line' id='line_1_7' title="bbox 63 1068 1209 1156; baseline 0.005 -26"><span class='ocrx_word' id='word_1_50' title='bbox 63 1068 111 1130; x_wconf 87' lang='lat' dir='ltr'>bus</span> <span class='ocrx_word' id='word_1_51' title='bbox 123 1069 251 1134; x_wconf 86' lang='lat' dir='ltr'>maxime</span> <span class='ocrx_word' id='word_1_52' title='bbox 266 1071 481 1134; x_wconf 84' lang='lat' dir='ltr'>vetustissima</span> <span class='ocrx_word' id='word_1_53' title='bbox 495 1073 703 1154; x_wconf 85' lang='lat' dir='ltr'>grammatica</span> <span class='ocrx_word' id='word_1_54' title='bbox 718 1093 767 1134; x_wconf 89' lang='lat' dir='ltr'>ars</span> <span class='ocrx_word' id='word_1_55' title='bbox 779 1073 925 1155; x_wconf 83' lang='lat' dir='ltr'>arguitur</span> <span class='ocrx_word' id='word_1_56' title='bbox 936 1069 1099 1156; x_wconf 74' lang='lat' dir='ltr'>peccasse,</span> <span class='ocrx_word' id='word_1_57' title='bbox 1117 1073 1209 1156; x_wconf 88' lang='lat' dir='ltr'>cujus</span> 
     </span>
     <span class='ocr_line' id='line_1_8' title="bbox 62 1172 1210 1261; baseline 0.008 -26"><span class='ocrx_word' id='word_1_58' title='bbox 62 1186 184 1238; x_wconf 83' lang='lat' dir='ltr'>auctores</span> <span class='ocrx_word' id='word_1_59' title='bbox 199 1190 318 1260; x_wconf 89' lang='lat' dir='ltr'>quanto</span> <span class='ocrx_word' id='word_1_60' title='bbox 326 1178 470 1261; x_wconf 90' lang='lat' dir='ltr'>juniores</span> <span class='ocrx_word' id='word_1_61' title='bbox 487 1172 598 1240; x_wconf 79' lang='lat' dir='ltr'>tanto³</span> <span class='ocrx_word' id='word_1_62' title='bbox 613 1177 856 1261; x_wconf 74' lang='lat' dir='ltr'>perspicaciores</span> <span class='ocrx_word' id='word_1_63' title='bbox 872 1189 904 1241; x_wconf 89' lang='lat' dir='ltr'>et</span> <span class='ocrx_word' id='word_1_64' title='bbox 915 1179 1052 1261; x_wconf 87' lang='lat' dir='ltr'>ingeniis</span> <span class='ocrx_word' id='word_1_65' title='bbox 1065 1180 1210 1244; x_wconf 88' lang='lat' dir='ltr'>floruisse</span> 
     </span>
     <span class='ocr_line' id='line_1_9' title="bbox 61 1281 1209 1366; baseline 0.006 -25"><span class='ocrx_word' id='word_1_66' title='bbox 61 1289 87 1342; x_wconf 90' lang='lat' dir='ltr'>et</span> <span class='ocrx_word' id='word_1_67' title='bbox 104 1281 257 1366; x_wconf 88' lang='lat' dir='ltr'>diligentia</span> <span class='ocrx_word' id='word_1_68' title='bbox 278 1284 416 1348; x_wconf 79' lang='lat' dir='ltr'>valuisse</span> <span class='ocrx_word' id='word_1_69' title='bbox 438 1283 582 1346; x_wconf 86' lang='lat' dir='ltr'>omnium</span> <span class='ocrx_word' id='word_1_70' title='bbox 600 1283 722 1366; x_wconf 87' lang='lat' dir='ltr'>judicio</span> <span class='ocrx_word' id='word_1_71' title='bbox 738 1286 966 1348; x_wconf 89' lang='lat' dir='ltr'>confirmantur</span> <span class='ocrx_word' id='word_1_72' title='bbox 981 1283 1209 1348; x_wconf 87' lang='lat' dir='ltr'>eruditissimo·</span> 
     </span>
     <span class='ocr_line' id='line_1_10' title="bbox 60 1388 1209 1474; baseline 0.004 -27"><span class='ocrx_word' id='word_1_73' title='bbox 60 1405 127 1448; x_wconf 88' lang='lat' dir='ltr'>rum.</span> <span class='ocrx_word' id='word_1_74' title='bbox 153 1388 236 1456; x_wconf 82' lang='lat' dir='ltr'>Quid</span> <span class='ocrx_word' id='word_1_75' title='bbox 252 1389 340 1452; x_wconf 88' lang='lat' dir='ltr'>enim</span> <span class='ocrx_word' id='word_1_76' title='bbox 355 1389 534 1453; x_wconf 89' lang='lat' dir='ltr'>Herodiani</span> <span class='ocrx_word' id='word_1_77' title='bbox 549 1389 669 1454; x_wconf 90' lang='lat' dir='ltr'>artibus</span> <span class='ocrx_word' id='word_1_78' title='bbox 685 1391 822 1454; x_wconf 76' lang='lat' dir='ltr'>certius?</span> <span class='ocrx_word' id='word_1_79' title='bbox 845 1390 931 1458; x_wconf 83' lang='lat' dir='ltr'>Quid</span> <span class='ocrx_word' id='word_1_80' title='bbox 944 1389 1108 1474; x_wconf 86' lang='lat' dir='ltr'>Apollonii</span> <span class='ocrx_word' id='word_1_81' title='bbox 1121 1409 1209 1452; x_wconf 86' lang='lat' dir='ltr'>scru-</span> 
     </span>
     <span class='ocr_line' id='line_1_11' title="bbox 59 1491 1209 1579; baseline 0.003 -26"><span class='ocrx_word' id='word_1_82' title='bbox 59 1491 160 1573; x_wconf 86' lang='lat' dir='ltr'>pulosis</span> <span class='ocrx_word' id='word_1_83' title='bbox 182 1495 420 1576; x_wconf 87' lang='lat' dir='ltr'>quaestionibus</span> <span class='ocrx_word' id='word_1_84' title='bbox 436 1496 633 1560; x_wconf 86' lang='lat' dir='ltr'>enucleatius</span> <span class='ocrx_word' id='word_1_85' title='bbox 648 1498 749 1579; x_wconf 87' lang='lat' dir='ltr'>possit</span> <span class='ocrx_word' id='word_1_86' title='bbox 762 1497 917 1560; x_wconf 76' lang='lat' dir='ltr'>inveniri?</span> <span class='ocrx_word' id='word_1_87' title='bbox 941 1499 1025 1561; x_wconf 88' lang='lat' dir='ltr'>Cum</span> <span class='ocrx_word' id='word_1_88' title='bbox 1042 1496 1140 1579; x_wconf 88' lang='lat' dir='ltr'>igitur</span> <span class='ocrx_word' id='word_1_89' title='bbox 1155 1517 1209 1558; x_wconf 88' lang='lat' dir='ltr'>eos</span> 
     </span>
     <span class='ocr_line' id='line_1_12' title="bbox 59 1599 1207 1686; baseline 0.004 -27"><span class='ocrx_word' id='word_1_90' title='bbox 59 1599 148 1662; x_wconf 90' lang='lat' dir='ltr'>omnia</span> <span class='ocrx_word' id='word_1_91' title='bbox 167 1601 228 1664; x_wconf 88' lang='lat' dir='ltr'>fere</span> <span class='ocrx_word' id='word_1_92' title='bbox 251 1601 340 1677; x_wconf 85' lang='lat' dir='ltr'>vitia,</span> <span class='ocrx_word' id='word_1_93' title='bbox 359 1623 568 1685; x_wconf 89' lang='lat' dir='ltr'>quaecunque</span> <span class='ocrx_word' id='word_1_94' title='bbox 589 1603 794 1686; x_wconf 89' lang='lat' dir='ltr'>antiquorum</span> <span class='ocrx_word' id='word_1_95' title='bbox 816 1601 1051 1669; x_wconf 87' lang='lat' dir='ltr'>commentariis</span> <span class='ocrx_word' id='word_1_96' title='bbox 1069 1612 1146 1664; x_wconf 89' lang='lat' dir='ltr'>sunt</span> <span class='ocrx_word' id='word_1_97' title='bbox 1160 1623 1207 1664; x_wconf 90' lang='lat' dir='ltr'>re-</span> 
     </span>
     <span class='ocr_line' id='line_1_13' title="bbox 58 1702 1208 1793; baseline 0.004 -28"><span class='ocrx_word' id='word_1_98' title='bbox 58 1702 119 1768; x_wconf 88' lang='lat' dir='ltr'>licta</span> <span class='ocrx_word' id='word_1_99' title='bbox 138 1707 210 1770; x_wconf 88' lang='lat' dir='ltr'>artis</span> <span class='ocrx_word' id='word_1_100' title='bbox 232 1709 469 1791; x_wconf 80' lang='lat' dir='ltr'>grammaticae,</span> <span class='ocrx_word' id='word_1_101' title='bbox 494 1729 686 1793; x_wconf 87' lang='lat' dir='ltr'>expurgasse</span> <span class='ocrx_word' id='word_1_102' title='bbox 709 1708 878 1791; x_wconf 87' lang='lat' dir='ltr'>comperio,</span> <span class='ocrx_word' id='word_1_103' title='bbox 896 1709 1054 1790; x_wconf 86' lang='lat' dir='ltr'>certisque</span> <span class='ocrx_word' id='word_1_104' title='bbox 1077 1706 1208 1770; x_wconf 85' lang='lat' dir='ltr'>rationis</span> 
     </span>
     <span class='ocr_line' id='line_1_14' title="bbox 57 1809 1209 1898; baseline 0.005 -28"><span class='ocrx_word' id='word_1_105' title='bbox 57 1809 161 1892; x_wconf 86' lang='lat' dir='ltr'>legibus</span> <span class='ocrx_word' id='word_1_106' title='bbox 175 1815 370 1890; x_wconf 89' lang='lat' dir='ltr'>emendasse,</span> <span class='ocrx_word' id='word_1_107' title='bbox 384 1825 565 1878; x_wconf 86' lang='lat' dir='ltr'>nostrorum</span> <span class='ocrx_word' id='word_1_108' title='bbox 580 1825 688 1878; x_wconf 90' lang='lat' dir='ltr'>autem</span> <span class='ocrx_word' id='word_1_109' title='bbox 702 1814 865 1877; x_wconf 82' lang='lat' dir='ltr'>neminem</span> <span class='ocrx_word' id='word_1_110' title='bbox 879 1827 951 1898; x_wconf 90' lang='lat' dir='ltr'>post</span> <span class='ocrx_word' id='word_1_111' title='bbox 962 1812 1055 1877; x_wconf 66' lang='lat' dir='ltr'>illos*</span> <span class='ocrx_word' id='word_1_112' title='bbox 1069 1814 1209 1876; x_wconf 87' lang='lat' dir='ltr'>imitato·</span> 
     </span>
     <span class='ocr_line' id='line_1_15' title="bbox 56 1919 1207 2005; baseline 0.001 -25"><span class='ocrx_word' id='word_1_113' title='bbox 56 1937 110 1979; x_wconf 88' lang='lat' dir='ltr'>rem</span> <span class='ocrx_word' id='word_1_114' title='bbox 128 1939 233 1982; x_wconf 88' lang='lat' dir='ltr'>eorum</span> <span class='ocrx_word' id='word_1_115' title='bbox 254 1919 425 1996; x_wconf 87' lang='lat' dir='ltr'>exstitisse,</span> <span class='ocrx_word' id='word_1_116' title='bbox 444 1921 562 2005; x_wconf 91' lang='lat' dir='ltr'>quippe</span> <span class='ocrx_word' id='word_1_117' title='bbox 582 1921 617 1984; x_wconf 90' lang='lat' dir='ltr'>in</span> <span class='ocrx_word' id='word_1_118' title='bbox 639 1919 869 2004; x_wconf 84' lang='lat' dir='ltr'>negligentiam</span> <span class='ocrx_word' id='word_1_119' title='bbox 891 1920 1078 1984; x_wconf 87' lang='lat' dir='ltr'>cadentibus</span> <span class='ocrx_word' id='word_1_120' title='bbox 1094 1919 1207 1984; x_wconf 85' lang='lat' dir='ltr'>studiis</span> 
     </span>
     <span class='ocr_line' id='line_1_16' title="bbox 56 2019 1208 2111; baseline 0.004 -28"><span class='ocrx_word' id='word_1_121' title='bbox 56 2019 200 2086; x_wconf 88' lang='lat' dir='ltr'>literarum</span> <span class='ocrx_word' id='word_1_122' title='bbox 228 2035 359 2110; x_wconf 88' lang='lat' dir='ltr'>propter</span> <span class='ocrx_word' id='word_1_123' title='bbox 388 2026 530 2110; x_wconf 90' lang='lat' dir='ltr'>inopiam</span> <span class='ocrx_word' id='word_1_124' title='bbox 558 2026 766 2111; x_wconf 67' lang='lat' dir='ltr'>scriptorum</span> <span class='ocrx_word' id='word_1_125' title='bbox 790 2027 935 2110; x_wconf 87' lang='lat' dir='ltr'>quamvis</span> <span class='ocrx_word' id='word_1_126' title='bbox 960 2028 1126 2101; x_wconf 86' lang='lat' dir='ltr'>audacter,</span> <span class='ocrx_word' id='word_1_127' title='bbox 1152 2027 1208 2089; x_wconf 90' lang='lat' dir='ltr'>sed</span> 
     </span>
     <span class='ocr_line' id='line_1_17' title="bbox 55 2130 1207 2217; baseline 0.003 -27"><span class='ocrx_word' id='word_1_128' title='bbox 55 2149 108 2192; x_wconf 90' lang='lat' dir='ltr'>non</span> <span class='ocrx_word' id='word_1_129' title='bbox 126 2130 335 2216; x_wconf 87' lang='lat' dir='ltr'>impudenter,</span> <span class='ocrx_word' id='word_1_130' title='bbox 354 2144 392 2196; x_wconf 94' lang='lat' dir='ltr'>ut</span> <span class='ocrx_word' id='word_1_131' title='bbox 413 2145 503 2217; x_wconf 88' lang='lat' dir='ltr'>puto,</span> <span class='ocrx_word' id='word_1_132' title='bbox 521 2145 654 2197; x_wconf 89' lang='lat' dir='ltr'>conatus</span> <span class='ocrx_word' id='word_1_133' title='bbox 670 2155 742 2196; x_wconf 88' lang='lat' dir='ltr'>sum</span> <span class='ocrx_word' id='word_1_134' title='bbox 757 2154 814 2216; x_wconf 92' lang='lat' dir='ltr'>pro</span> <span class='ocrx_word' id='word_1_135' title='bbox 829 2131 972 2196; x_wconf 84' lang='lat' dir='ltr'>viribus¹⁵</span> <span class='ocrx_word' id='word_1_136' title='bbox 994 2155 1060 2196; x_wconf 92' lang='lat' dir='ltr'>rem</span> <span class='ocrx_word' id='word_1_137' title='bbox 1075 2133 1207 2196; x_wconf 85' lang='lat' dir='ltr'>arduam</span> 
     </span>
     <span class='ocr_line' id='line_1_18' title="bbox 55 2229 1208 2324; baseline 0.004 -27"><span class='ocrx_word' id='word_1_138' title='bbox 55 2235 176 2317; x_wconf 87' lang='lat' dir='ltr'>quidem,</span> <span class='ocrx_word' id='word_1_139' title='bbox 194 2239 251 2302; x_wconf 90' lang='lat' dir='ltr'>sed</span> <span class='ocrx_word' id='word_1_140' title='bbox 273 2229 601 2323; x_wconf 70' lang='lat' dir='ltr'>officio&#39;professionis</span> <span class='ocrx_word' id='word_1_141' title='bbox 624 2261 689 2302; x_wconf 91' lang='lat' dir='ltr'>non</span> <span class='ocrx_word' id='word_1_142' title='bbox 711 2239 898 2316; x_wconf 85' lang='lat' dir='ltr'>indebitam,</span> <span class='ocrx_word' id='word_1_143' title='bbox 916 2262 1012 2324; x_wconf 87' lang='lat' dir='ltr'>supra</span> <span class='ocrx_word' id='word_1_144' title='bbox 1029 2239 1208 2302; x_wconf 89' lang='lat' dir='ltr'>nominato·</span> 
     </span>
     <span class='ocr_line' id='line_1_19' title="bbox 53 2344 1208 2429; baseline 0.004 -26"><span class='ocrx_word' id='word_1_145' title='bbox 53 2361 112 2405; x_wconf 79' lang='lat' dir='ltr'>nrm</span> <span class='ocrx_word' id='word_1_146' title='bbox 125 2355 292 2428; x_wconf 90' lang='lat' dir='ltr'>praecepta</span> <span class='ocrx_word' id='word_1_147' title='bbox 306 2344 456 2419; x_wconf 90' lang='lat' dir='ltr'>virorum,</span> <span class='ocrx_word' id='word_1_148' title='bbox 472 2366 552 2426; x_wconf 85' lang='lat' dir='ltr'>quae</span> <span class='ocrx_word' id='word_1_149' title='bbox 567 2367 708 2429; x_wconf 85' lang='lat' dir='ltr'>congrua</span> <span class='ocrx_word' id='word_1_150' title='bbox 722 2357 800 2409; x_wconf 88' lang='lat' dir='ltr'>sunt</span> <span class='ocrx_word' id='word_1_151' title='bbox 815 2345 895 2420; x_wconf 87' lang='lat' dir='ltr'>visa,</span> <span class='ocrx_word' id='word_1_152' title='bbox 908 2345 942 2408; x_wconf 88' lang='lat' dir='ltr'>iu</span> <span class='ocrx_word' id='word_1_153' title='bbox 958 2345 1094 2408; x_wconf 90' lang='lat' dir='ltr'>latinum</span> <span class='ocrx_word' id='word_1_154' title='bbox 1107 2355 1208 2408; x_wconf 88' lang='lat' dir='ltr'>trans-</span> 
     </span>
     <span class='ocr_line' id='line_1_20' title="bbox 52 2445 1208 2533; baseline 0.006 -26"><span class='ocrx_word' id='word_1_155' title='bbox 52 2445 119 2511; x_wconf 85' lang='lat' dir='ltr'>ferre</span> <span class='ocrx_word' id='word_1_156' title='bbox 138 2471 327 2527; x_wconf 86' lang='lat' dir='ltr'>sermonem,</span> <span class='ocrx_word' id='word_1_157' title='bbox 345 2449 485 2514; x_wconf 88' lang='lat' dir='ltr'>collectis</span> <span class='ocrx_word' id='word_1_158' title='bbox 508 2451 604 2514; x_wconf 89' lang='lat' dir='ltr'>etiam</span> <span class='ocrx_word' id='word_1_159' title='bbox 620 2452 768 2516; x_wconf 90' lang='lat' dir='ltr'>omnibus</span> <span class='ocrx_word' id='word_1_160' title='bbox 784 2452 859 2528; x_wconf 82' lang='lat' dir='ltr'>fere,</span> <span class='ocrx_word' id='word_1_161' title='bbox 878 2471 1086 2533; x_wconf 90' lang='lat' dir='ltr'>quaecunque</span> <span class='ocrx_word' id='word_1_162' title='bbox 1102 2472 1208 2514; x_wconf 89' lang='lat' dir='ltr'>neces-</span> 
     </span>
     <span class='ocr_line' id='line_1_21' title="bbox 51 2553 1207 2640; baseline 0.003 -24"><span class='ocrx_word' id='word_1_163' title='bbox 51 2553 119 2617; x_wconf 85' lang='lat' dir='ltr'>saria</span> <span class='ocrx_word' id='word_1_164' title='bbox 139 2567 320 2620; x_wconf 87' lang='lat' dir='ltr'>nostrorum</span> <span class='ocrx_word' id='word_1_165' title='bbox 342 2579 468 2640; x_wconf 91' lang='lat' dir='ltr'>quoque</span> <span class='ocrx_word' id='word_1_166' title='bbox 490 2557 700 2621; x_wconf 91' lang='lat' dir='ltr'>inveniuntur</span> <span class='ocrx_word' id='word_1_167' title='bbox 721 2557 839 2620; x_wconf 90' lang='lat' dir='ltr'>artium</span> <span class='ocrx_word' id='word_1_168' title='bbox 854 2555 1089 2620; x_wconf 86' lang='lat' dir='ltr'>commentariis</span> <span class='ocrx_word' id='word_1_169' title='bbox 1104 2577 1207 2639; x_wconf 88' lang='lat' dir='ltr'>gram·</span> 
     </span>
     <span class='ocr_line' id='line_1_22' title="bbox 51 2658 1208 2746; baseline 0.003 -24"><span class='ocrx_word' id='word_1_170' title='bbox 51 2660 241 2738; x_wconf 72' lang='lat' dir='ltr'>mancorum,</span> <span class='ocrx_word' id='word_1_171' title='bbox 271 2665 356 2745; x_wconf 91' lang='lat' dir='ltr'>quod</span> <span class='ocrx_word' id='word_1_172' title='bbox 381 2675 508 2746; x_wconf 87' lang='lat' dir='ltr'>gratum</span> <span class='ocrx_word' id='word_1_173' title='bbox 534 2666 600 2728; x_wconf 89' lang='lat' dir='ltr'>fore</span> <span class='ocrx_word' id='word_1_174' title='bbox 626 2665 745 2728; x_wconf 88' lang='lat' dir='ltr'>credidi</span> <span class='ocrx_word' id='word_1_175' title='bbox 771 2658 1093 2746; x_wconf 80' lang='lat' dir='ltr'>temperamentum,⁰</span> <span class='ocrx_word' id='word_1_176' title='bbox 1114 2663 1141 2725; x_wconf 91' lang='lat' dir='ltr'>si</span> <span class='ocrx_word' id='word_1_177' title='bbox 1168 2685 1208 2726; x_wconf 86' lang='lat' dir='ltr'>ex</span> 
     </span>
     <span class='ocr_line' id='line_1_23' title="bbox 51 2768 1208 2854; baseline 0.005 -28"><span class='ocrx_word' id='word_1_178' title='bbox 51 2768 201 2851; x_wconf 89' lang='lat' dir='ltr'>utriusque</span> <span class='ocrx_word' id='word_1_179' title='bbox 226 2769 357 2852; x_wconf 86' lang='lat' dir='ltr'>linguae</span> <span class='ocrx_word' id='word_1_180' title='bbox 372 2771 623 2836; x_wconf 83' lang='lat' dir='ltr'>moderatoribus</span> <span class='ocrx_word' id='word_1_181' title='bbox 639 2770 832 2854; x_wconf 86' lang='lat' dir='ltr'>elegantiora</span> <span class='ocrx_word' id='word_1_182' title='bbox 846 2770 881 2832; x_wconf 91' lang='lat' dir='ltr'>in</span> <span class='ocrx_word' id='word_1_183' title='bbox 897 2789 999 2830; x_wconf 89' lang='lat' dir='ltr'>unum</span> <span class='ocrx_word' id='word_1_184' title='bbox 1014 2779 1127 2831; x_wconf 87' lang='lat' dir='ltr'>coeant</span> <span class='ocrx_word' id='word_1_185' title='bbox 1142 2791 1208 2832; x_wconf 87' lang='lat' dir='ltr'>cor·</span> 
     </span>
     <span class='ocr_line' id='line_1_24' title="bbox 49 2875 1205 2959; baseline 0 -22"><span class='ocrx_word' id='word_1_186' title='bbox 49 2893 108 2954; x_wconf 82' lang='lat' dir='ltr'>pus,</span> <span class='ocrx_word' id='word_1_187' title='bbox 125 2897 194 2938; x_wconf 89' lang='lat' dir='ltr'>meo</span> <span class='ocrx_word' id='word_1_188' title='bbox 212 2875 351 2938; x_wconf 87' lang='lat' dir='ltr'>faciente</span> <span class='ocrx_word' id='word_1_189' title='bbox 364 2876 481 2939; x_wconf 89' lang='lat' dir='ltr'>labore.</span> <span class='ocrx_word' id='word_1_190' title='bbox 516 2877 601 2945; x_wconf 83' lang='lat' dir='ltr'>Quia</span> <span class='ocrx_word' id='word_1_191' title='bbox 615 2899 675 2940; x_wconf 90' lang='lat' dir='ltr'>nec</span> <span class='ocrx_word' id='word_1_192' title='bbox 690 2876 939 2959; x_wconf 88' lang='lat' dir='ltr'>vituperandum</span> <span class='ocrx_word' id='word_1_193' title='bbox 952 2896 1004 2938; x_wconf 91' lang='lat' dir='ltr'>me</span> <span class='ocrx_word' id='word_1_194' title='bbox 1019 2895 1091 2936; x_wconf 87' lang='lat' dir='ltr'>esse</span> <span class='ocrx_word' id='word_1_195' title='bbox 1101 2875 1205 2950; x_wconf 89' lang='lat' dir='ltr'>credo,</span> 
     </span>
     <span class='ocr_line' id='line_1_25' title="bbox 49 2976 1207 3066; baseline 0.003 -27"><span class='ocrx_word' id='word_1_196' title='bbox 49 2976 71 3038; x_wconf 86' lang='lat' dir='ltr'>si</span> <span class='ocrx_word' id='word_1_197' title='bbox 87 2999 135 3042; x_wconf 88' lang='lat' dir='ltr'>eos</span> <span class='ocrx_word' id='word_1_198' title='bbox 149 2979 287 3058; x_wconf 88' lang='lat' dir='ltr'>imitor,⁷</span> <span class='ocrx_word' id='word_1_199' title='bbox 309 2982 364 3065; x_wconf 89' lang='lat' dir='ltr'>qui</span> <span class='ocrx_word' id='word_1_200' title='bbox 379 2982 596 3066; x_wconf 89' lang='lat' dir='ltr'>principatum</span> <span class='ocrx_word' id='word_1_201' title='bbox 611 2983 694 3046; x_wconf 91' lang='lat' dir='ltr'>inter</span> <span class='ocrx_word' id='word_1_202' title='bbox 710 2983 877 3065; x_wconf 84' lang='lat' dir='ltr'>scriptores</span> <span class='ocrx_word' id='word_1_203' title='bbox 892 2980 996 3064; x_wconf 87' lang='lat' dir='ltr'>grajos</span> <span class='ocrx_word' id='word_1_204' title='bbox 1012 2979 1088 3044; x_wconf 88' lang='lat' dir='ltr'>artis</span> <span class='ocrx_word' id='word_1_205' title='bbox 1103 3001 1207 3062; x_wconf 89' lang='lat' dir='ltr'>gram-</span> 
     </span>
     <span class='ocr_line' id='line_1_26' title="bbox 48 3085 1207 3172; baseline 0 -24"><span class='ocrx_word' id='word_1_206' title='bbox 48 3085 168 3150; x_wconf 85' lang='lat' dir='ltr'>maticae</span> <span class='ocrx_word' id='word_1_207' title='bbox 188 3087 367 3172; x_wconf 88' lang='lat' dir='ltr'>possident,</span> <span class='ocrx_word' id='word_1_208' title='bbox 384 3109 458 3152; x_wconf 89' lang='lat' dir='ltr'>oum</span> <span class='ocrx_word' id='word_1_209' title='bbox 480 3101 601 3153; x_wconf 85' lang='lat' dir='ltr'>veteres</span> <span class='ocrx_word' id='word_1_210' title='bbox 623 3088 725 3152; x_wconf 88' lang='lat' dir='ltr'>nostri</span> <span class='ocrx_word' id='word_1_211' title='bbox 742 3087 777 3150; x_wconf 89' lang='lat' dir='ltr'>in</span> <span class='ocrx_word' id='word_1_212' title='bbox 800 3086 958 3152; x_wconf 90' lang='lat' dir='ltr'>erroribus</span> <span class='ocrx_word' id='word_1_213' title='bbox 979 3085 1142 3170; x_wconf 36' lang='lat' dir='ltr'>etiam„ut</span> <span class='ocrx_word' id='word_1_214' title='bbox 1160 3085 1207 3148; x_wconf 90' lang='lat' dir='ltr'>‹li-</span> 
     </span>
     <span class='ocr_line' id='line_1_27' title="bbox 23 3191 1207 3279; baseline 0.003 -28"><span class='ocrx_word' id='word_1_215' title='bbox 23 3233 27 3241; x_wconf 85' lang='lat'>-</span> <span class='ocrx_word' id='word_1_216' title='bbox 48 3201 124 3254; x_wconf 87' lang='lat' dir='ltr'>ctum</span> <span class='ocrx_word' id='word_1_217' title='bbox 143 3205 203 3270; x_wconf 88' lang='lat' dir='ltr'>est,</span> <span class='ocrx_word' id='word_1_218' title='bbox 224 3193 363 3256; x_wconf 87' lang='lat' dir='ltr'>Graecos</span> <span class='ocrx_word' id='word_1_219' title='bbox 385 3195 639 3279; x_wconf 87' lang='lat' dir='ltr'>aequiparantes,</span> <span class='ocrx_word' id='word_1_220' title='bbox 657 3194 830 3258; x_wconf 82' lang='lat' dir='ltr'>maximam</span> <span class='ocrx_word' id='word_1_221' title='bbox 853 3204 960 3257; x_wconf 88' lang='lat' dir='ltr'>tamen</span> <span class='ocrx_word' id='word_1_222' title='bbox 984 3201 1062 3255; x_wconf 88' lang='lat' dir='ltr'>sunt</span> <span class='ocrx_word' id='word_1_223' title='bbox 1079 3191 1207 3254; x_wconf 86' lang='lat' dir='ltr'>laudam</span> 
     </span>
     <span class='ocr_line' id='line_1_28' title="bbox 47 3298 1206 3384; baseline 0.004 -28"><span class='ocrx_word' id='word_1_224' title='bbox 47 3299 208 3361; x_wconf 85' lang='lat' dir='ltr'>consecuti.</span> <span class='ocrx_word' id='word_1_225' title='bbox 242 3299 436 3382; x_wconf 84' lang='lat' dir='ltr'>Exemplum</span> <span class='ocrx_word' id='word_1_226' title='bbox 456 3301 553 3364; x_wconf 89' lang='lat' dir='ltr'>etiam</span> <span class='ocrx_word' id='word_1_227' title='bbox 575 3323 750 3384; x_wconf 89' lang='lat' dir='ltr'>proponere</span> <span class='ocrx_word' id='word_1_228' title='bbox 771 3299 910 3384; x_wconf 86' lang='lat' dir='ltr'>placuit,</span> <span class='ocrx_word' id='word_1_229' title='bbox 936 3321 977 3362; x_wconf 90' lang='lat' dir='ltr'>ne</span> <span class='ocrx_word' id='word_1_230' title='bbox 999 3298 1109 3381; x_wconf 89' lang='lat' dir='ltr'>pigeat</span> <span class='ocrx_word' id='word_1_231' title='bbox 1128 3299 1206 3361; x_wconf 87' lang='lat' dir='ltr'>alios</span> 
     </span>
    </p>
   </div>
   <div class='ocr_carea' id='block_1_3' title="bbox 43 3401 1209 3809">
    <p class='ocr_par' dir='ltr' id='par_1_3' title="bbox 43 3401 1209 3809">
     <span class='ocr_line' id='line_1_29' title="bbox 47 3401 1209 3490; baseline 0.004 -27"><span class='ocrx_word' id='word_1_232' title='bbox 47 3401 131 3466; x_wconf 88' lang='lat' dir='ltr'>etiam</span> <span class='ocrx_word' id='word_1_233' title='bbox 152 3429 171 3468; x_wconf 92' lang='lat' dir='ltr'>a</span> <span class='ocrx_word' id='word_1_234' title='bbox 193 3427 247 3468; x_wconf 89' lang='lat' dir='ltr'>me</span> <span class='ocrx_word' id='word_1_235' title='bbox 261 3405 312 3468; x_wconf 85' lang='lat' dir='ltr'>vel</span> <span class='ocrx_word' id='word_1_236' title='bbox 327 3405 508 3490; x_wconf 87' lang='lat' dir='ltr'>ignorantia</span> <span class='ocrx_word' id='word_1_237' title='bbox 523 3407 603 3470; x_wconf 88' lang='lat' dir='ltr'>forte</span> <span class='ocrx_word' id='word_1_238' title='bbox 619 3407 839 3490; x_wconf 87' lang='lat' dir='ltr'>praetermissa</span> <span class='ocrx_word' id='word_1_239' title='bbox 853 3407 904 3469; x_wconf 79' lang='lat' dir='ltr'>vel</span> <span class='ocrx_word' id='word_1_240' title='bbox 919 3405 1030 3469; x_wconf 86' lang='lat' dir='ltr'>vitiose</span> <span class='ocrx_word' id='word_1_241' title='bbox 1046 3405 1131 3468; x_wconf 87' lang='lat' dir='ltr'>dieta</span> <span class='ocrx_word' id='word_1_242' title='bbox 1146 3405 1209 3486; x_wconf 90' lang='lat' dir='ltr'>(ni-</span> 
     </span>
     <span class='ocr_line' id='line_1_30' title="bbox 44 3504 1208 3596; baseline 0.004 -26"><span class='ocrx_word' id='word_1_243' title='bbox 44 3504 85 3570; x_wconf 89' lang='lat' dir='ltr'>bil</span> <span class='ocrx_word' id='word_1_244' title='bbox 98 3511 182 3574; x_wconf 89' lang='lat' dir='ltr'>enim</span> <span class='ocrx_word' id='word_1_245' title='bbox 198 3531 239 3573; x_wconf 85' lang='lat' dir='ltr'>ex</span> <span class='ocrx_word' id='word_1_246' title='bbox 254 3511 342 3575; x_wconf 93' lang='lat' dir='ltr'>omni</span> <span class='ocrx_word' id='word_1_247' title='bbox 356 3523 445 3594; x_wconf 85' lang='lat' dir='ltr'>parte</span> <span class='ocrx_word' id='word_1_248' title='bbox 460 3511 637 3596; x_wconf 87' lang='lat' dir='ltr'>perfectum</span> <span class='ocrx_word' id='word_1_249' title='bbox 652 3511 686 3574; x_wconf 92' lang='lat' dir='ltr'>in</span> <span class='ocrx_word' id='word_1_250' title='bbox 702 3512 852 3576; x_wconf 87' lang='lat' dir='ltr'>humanis</span> <span class='ocrx_word' id='word_1_251' title='bbox 868 3534 935 3576; x_wconf 90' lang='lat' dir='ltr'>esse</span> <span class='ocrx_word' id='word_1_252' title='bbox 950 3513 1043 3574; x_wconf 90' lang='lat' dir='ltr'>credo</span> <span class='ocrx_word' id='word_1_253' title='bbox 1055 3533 1146 3595; x_wconf 88' lang='lat' dir='ltr'>posse</span> <span class='ocrx_word' id='word_1_254' title='bbox 1158 3511 1208 3575; x_wconf 93' lang='lat' dir='ltr'>in-</span> 
     </span>
     <span class='ocr_line' id='line_1_31' title="bbox 44 3617 1207 3702; baseline 0.007 -28"><span class='ocrx_word' id='word_1_255' title='bbox 44 3617 253 3698; x_wconf 83' lang='lat' dir='ltr'>ventionibus)</span> <span class='ocrx_word' id='word_1_256' title='bbox 270 3639 327 3680; x_wconf 90' lang='lat' dir='ltr'>sua</span> <span class='ocrx_word' id='word_1_257' title='bbox 343 3639 468 3700; x_wconf 90' lang='lat' dir='ltr'>quoque</span> <span class='ocrx_word' id='word_1_258' title='bbox 483 3618 643 3682; x_wconf 86' lang='lat' dir='ltr'>industria</span> <span class='ocrx_word' id='word_1_259' title='bbox 658 3621 698 3682; x_wconf 88' lang='lat' dir='ltr'>ad</span> <span class='ocrx_word' id='word_1_260' title='bbox 714 3641 915 3682; x_wconf 89' lang='lat' dir='ltr'>communem</span> <span class='ocrx_word' id='word_1_261' title='bbox 931 3618 1121 3682; x_wconf 88' lang='lat' dir='ltr'>literatoriae</span> <span class='ocrx_word' id='word_1_262' title='bbox 1136 3641 1207 3702; x_wconf 89' lang='lat' dir='ltr'>pro-</span> 
     </span>
     <span class='ocr_line' id='line_1_32' title="bbox 43 3720 1207 3809; baseline 0.004 -28"><span class='ocrx_word' id='word_1_263' title='bbox 43 3720 179 3786; x_wconf 83' lang='lat' dir='ltr'>fessionis</span> <span class='ocrx_word' id='word_1_264' title='bbox 207 3723 381 3787; x_wconf 88' lang='lat' dir='ltr'>utilitatem</span> <span class='ocrx_word' id='word_1_265' title='bbox 407 3745 548 3807; x_wconf 89' lang='lat' dir='ltr'>congrua</span> <span class='ocrx_word' id='word_1_266' title='bbox 569 3723 701 3788; x_wconf 86' lang='lat' dir='ltr'>rationis</span> <span class='ocrx_word' id='word_1_267' title='bbox 723 3725 926 3809; x_wconf 87' lang='lat' dir='ltr'>proportione</span> <span class='ocrx_word' id='word_1_268' title='bbox 947 3723 998 3786; x_wconf 89' lang='lat' dir='ltr'>vel</span> <span class='ocrx_word' id='word_1_269' title='bbox 1020 3726 1135 3788; x_wconf 87' lang='lat' dir='ltr'>addere</span> <span class='ocrx_word' id='word_1_270' title='bbox 1156 3725 1207 3788; x_wconf 81' lang='lat' dir='ltr'>vel</span> 
     </span>
    </p>
   </div>
   <div class='ocr_carea' id='block_1_4' title="bbox 46 3919 249 3932">
    <p class='ocr_par' dir='ltr' id='par_1_4' title="bbox 46 3919 249 3932">
     <span class='ocr_line' id='line_1_33' title="bbox 46 3919 249 3932; baseline 0.01 -2"><span class='ocrx_word' id='word_1_271' title='bbox 46 3919 249 3932; x_wconf 76' lang='lat'>·-—-------·</span> 
     </span>
    </p>
   </div>
   <div class='ocr_carea' id='block_1_5' title="bbox 37 4054 1206 4535">
    <p class='ocr_par' dir='ltr' id='par_1_5' title="bbox 37 4054 1206 4535">
     <span class='ocr_line' id='line_1_34' title="bbox 104 4054 1204 4130; baseline 0.011 -24"><span class='ocrx_word' id='word_1_272' title='bbox 104 4057 114 4106; x_wconf 92' lang='lat' dir='ltr'>l</span> <span class='ocrx_word' id='word_1_273' title='bbox 137 4054 195 4124; x_wconf 90' lang='lat' dir='ltr'>(Pr.</span> <span class='ocrx_word' id='word_1_274' title='bbox 205 4055 253 4126; x_wconf 84' lang='lat' dir='ltr'>Sg.</span> <span class='ocrx_word' id='word_1_275' title='bbox 269 4055 305 4124; x_wconf 86' lang='lat' dir='ltr'>t·)</span> <span class='ocrx_word' id='word_1_276' title='bbox 319 4055 348 4108; x_wconf 90' lang='lat' dir='ltr'>in</span> <span class='ocrx_word' id='word_1_277' title='bbox 361 4055 421 4108; x_wconf 88' lang='lat' dir='ltr'>cod.</span> <span class='ocrx_word' id='word_1_278' title='bbox 432 4056 520 4110; x_wconf 81' lang='lat' dir='ltr'>librat.</span> <span class='ocrx_word' id='word_1_279' title='bbox 534 4076 562 4111; x_wconf 84' lang='grc' dir='ltr'>.ι.</span> <span class='ocrx_word' id='word_1_280' title='bbox 577 4059 708 4112; x_wconf 76' lang='lat' dir='ltr'>libardor&#39;b</span> <span class='ocrx_word' id='word_1_281' title='bbox 743 4065 758 4114; x_wconf 82' lang='lat'><strong>2</strong></span> <span class='ocrx_word' id='word_1_282' title='bbox 779 4060 834 4130; x_wconf 88' lang='lat' dir='ltr'>(Pr.</span> <span class='ocrx_word' id='word_1_283' title='bbox 844 4060 904 4130; x_wconf 82' lang='lat' dir='ltr'>Sg.)</span> <span class='ocrx_word' id='word_1_284' title='bbox 920 4079 948 4114; x_wconf 91' lang='grc' dir='ltr'>.ι.</span> <span class='ocrx_word' id='word_1_285' title='bbox 963 4067 1010 4117; x_wconf 76' lang='lat' dir='ltr'>atet</span> <span class='ocrx_word' id='word_1_286' title='bbox 1021 4065 1105 4118; x_wconf 79' lang='lat' dir='ltr'>ditare</span> <span class='ocrx_word' id='word_1_287' title='bbox 1118 4064 1204 4118; x_wconf 67' lang='lat' dir='ltr'>aare.</span> 
     </span>
     <span class='ocr_line' id='line_1_35' title="bbox 40 4135 917 4217; baseline 0.009 -27"><span class='ocrx_word' id='word_1_288' title='bbox 40 4135 99 4190; x_wconf 70' lang='lat' dir='ltr'>maa</span> <span class='ocrx_word' id='word_1_289' title='bbox 107 4156 172 4208; x_wconf 78' lang='lat' dir='ltr'>pree</span> <span class='ocrx_word' id='word_1_290' title='bbox 184 4141 293 4196; x_wconf 76' lang='lat' dir='ltr'>wseiel.</span> <span class='ocrx_word' id='word_1_291' title='bbox 307 4141 351 4194; x_wconf 83' lang='lat' dir='ltr'>eid</span> <span class='ocrx_word' id='word_1_292' title='bbox 360 4142 581 4212; x_wconf 80' lang='lat' dir='ltr'>acomrot[r]cniu</span> <span class='ocrx_word' id='word_1_293' title='bbox 617 4149 631 4198; x_wconf 84' lang='lat'><strong>3</strong></span> <span class='ocrx_word' id='word_1_294' title='bbox 652 4145 708 4214; x_wconf 91' lang='lat' dir='ltr'>(Pr.</span> <span class='ocrx_word' id='word_1_295' title='bbox 723 4145 781 4217; x_wconf 84' lang='lat' dir='ltr'>Sg.)</span> <span class='ocrx_word' id='word_1_296' title='bbox 796 4145 917 4200; x_wconf 71' lang='lat' dir='ltr'>inmer&#39;tro</span> 
     </span>
     <span class='ocr_line' id='line_1_36' title="bbox 39 4225 1206 4362; baseline 0.006 -83"><span class='ocrx_word' id='word_1_297' title='bbox 39 4229 116 4362; x_wconf 53' lang='lat' dir='ltr'>W(</span> <span class='ocrx_word' id='word_1_298' title='bbox 139 4225 196 4321; x_wconf 89' lang='lat' dir='ltr'>(Pr.</span> <span class='ocrx_word' id='word_1_299' title='bbox 212 4225 272 4297; x_wconf 83' lang='lat' dir='ltr'>Sg.)</span> <span class='ocrx_word' id='word_1_300' title='bbox 288 4225 427 4280; x_wconf 78' lang='lat' dir='ltr'>.1.t&#39;ndead</span> <span class='ocrx_word' id='word_1_301' title='bbox 443 4225 580 4281; x_wconf 66' lang='lat' dir='ltr'>insanam</span> <span class='ocrx_word' id='word_1_302' title='bbox 648 4235 663 4282; x_wconf 79' lang='lat'>5</span> <span class='ocrx_word' id='word_1_303' title='bbox 685 4231 740 4301; x_wconf 88' lang='lat' dir='ltr'>(Pr.</span> <span class='ocrx_word' id='word_1_304' title='bbox 756 4231 816 4301; x_wconf 82' lang='lat' dir='ltr'>Sg.)</span> <span class='ocrx_word' id='word_1_305' title='bbox 838 4250 866 4284; x_wconf 88' lang='lat'>.1.</span> <span class='ocrx_word' id='word_1_306' title='bbox 886 4231 1055 4286; x_wconf 67' lang='lat' dir='ltr'>selmanmrt</span> <span class='ocrx_word' id='word_1_307' title='bbox 1067 4234 1126 4285; x_wconf 77' lang='lat' dir='ltr'>dona</span> <span class='ocrx_word' id='word_1_308' title='bbox 1146 4251 1206 4286; x_wconf 79' lang='lat' dir='ltr'>ara-</span> 
     </span>
     <span class='ocr_line' id='line_1_37' title="bbox 105 4328 1205 4473; baseline 0.006 -25"><span class='ocrx_word' id='word_1_309' title='bbox 105 4328 199 4464; x_wconf 49' lang='lat' dir='ltr'>6⁹⁸(Pr.</span> <span class='ocrx_word' id='word_1_310' title='bbox 215 4397 258 4450; x_wconf 87' lang='lat' dir='ltr'>Cr.</span> <span class='ocrx_word' id='word_1_311' title='bbox 277 4397 312 4466; x_wconf 73' lang='lat'>1⁸)</span> <span class='ocrx_word' id='word_1_312' title='bbox 328 4415 356 4450; x_wconf 89' lang='grc' dir='ltr'>.ι.</span> <span class='ocrx_word' id='word_1_313' title='bbox 371 4398 455 4450; x_wconf 73' lang='lat' dir='ltr'>bitere</span> <span class='ocrx_word' id='word_1_314' title='bbox 467 4399 595 4452; x_wconf 77' lang='lat' dir='ltr'>rtudtucua</span> <span class='ocrx_word' id='word_1_315' title='bbox 608 4401 671 4454; x_wconf 78' lang='lat' dir='ltr'>ocbt</span> <span class='ocrx_word' id='word_1_316' title='bbox 681 4405 729 4454; x_wconf 81' lang='lat' dir='ltr'>oni</span> <span class='ocrx_word' id='word_1_317' title='bbox 739 4419 808 4470; x_wconf 79' lang='lat' dir='ltr'>rapu</span> <span class='ocrx_word' id='word_1_318' title='bbox 822 4403 937 4456; x_wconf 65' lang='lat' dir='ltr'>masada</span> <span class='ocrx_word' id='word_1_319' title='bbox 999 4407 1010 4456; x_wconf 83' lang='grc' dir='ltr'><strong><em>ῖ</em></strong></span> <span class='ocrx_word' id='word_1_320' title='bbox 1033 4403 1087 4473; x_wconf 92' lang='lat' dir='ltr'>(Pr.</span> <span class='ocrx_word' id='word_1_321' title='bbox 1104 4403 1150 4473; x_wconf 86' lang='lat' dir='ltr'>Sg.</span> <span class='ocrx_word' id='word_1_322' title='bbox 1169 4401 1205 4473; x_wconf 77' lang='lat'>1¹²)</span> 
     </span>
     <span class='ocr_line' id='line_1_38' title="bbox 37 4483 202 4535; baseline 0.018 -5"><span class='ocrx_word' id='word_1_323' title='bbox 37 4483 202 4535; x_wconf 73' lang='lat' dir='ltr'>contueantur</span> 
     </span>
    </p>
   </div>
   <div class='ocr_carea' id='block_1_6' title="bbox 0 0 1506 5066">
    <p class='ocr_par' dir='ltr' id='par_1_6' title="bbox 0 0 1506 5066">
     <span class='ocr_line' id='line_1_39' title="bbox 0 0 1506 5066; baseline 0 9"><span class='ocrx_word' id='word_1_324' title='bbox 0 0 1506 5066; x_wconf 95' lang='lat' dir='ltr'> </span> 
     </span>
    </p>
   </div>
  </div>
 </body>
</html>
