3082 5070
271 357 352 420 1194
767 370 939 414 sonares.

271 517 345 591 tis.''
377 524 462 587 Sunt
484 533 592 584 autem
608 519 769 584 Aldhelmi
793 519 974 604 rhythmica
995 519 1051 582 illa
1071 519 1104 582 in
1126 519 1227 582 fornia
1242 520 1446 582 assartantiae

270 629 445 715 composita
461 649 556 711 supra
570 638 742 690 memorata
759 631 805 710 (p.
825 629 913 708 923).
946 625 1015 688 Nec
1031 648 1096 688 raon
1112 625 1197 688 idem
1213 637 1303 710 patet
1320 648 1362 688 ex
1377 627 1447 688 aliis

270 734 477 803 testimoniis:
499 728 661 797 “Versum
685 733 838 796 scoticum
860 732 1034 795 noluerunt
1049 732 1099 795 vel
1121 731 1357 816 rhythmice
1380 753 1446 794 scu

270 843 439 910 metrice
456 841 499 902 ¹in
523 839 676 902 Latinum
698 830 812 902 verti.''
842 839 920 902 Vita
941 839 976 902 S.
1002 839 1137 902 Declani
1159 861 1212 922 ap.
1233 839 1318 902 lloll.
1337 840 1394 919 (cf.
1412 859 1444 922 p.

245 946 249 958 ’
272 957 347 1026 944,
365 949 462 1027 not).
488 939 716 1028 “Apostolicae
737 945 821 1008 sedis
841 945 987 1028 pontifex
1007 966 1073 1008 non
1089 947 1192 1009 solum
1208 967 1258 1021 ea,
1276 967 1362 1028 quae
1375 947 1447 1009 bea-

271 1069 324 1120 tus
345 1054 393 1117 vir
408 1052 572 1116 Notkerus
588 1051 772 1128 dictaverat,
791 1071 903 1114 verum
919 1051 1015 1113 etiam
1030 1073 1079 1128 ea,
1096 1075 1178 1136 quae
1193 1053 1272 1116 socii
1288 1065 1322 1115 et
1337 1052 1448 1116 fratres

271 1163 340 1247 ejus
362 1162 396 1222 in
417 1159 529 1222 eodem
551 1155 745 1221 monasterio
761 1155 795 1220 S.
815 1157 903 1221 Galli
918 1169 1172 1241 composuerant,
1189 1158 1301 1222 omnia
1317 1159 1447 1222 canoni-

271 1268 372 1342 zavit,
398 1264 546 1328 videlicet
568 1264 717 1348 hymnos,
744 1263 938 1346 sequentias,
965 1275 1081 1348 tropos,
1106 1264 1252 1341 letanias,
1270 1285 1447 1348 omnesque

271 1375 465 1447 cantilenas,
491 1369 702 1446 rithmica,
727 1369 896 1432 metrice
920 1369 971 1432 vel
997 1370 1138 1453 prosaice
1167 1391 1246 1453 quas
1270 1362 1447 1434 fecerant.'’

173 1542 178 1550 .
273 1479 458 1548 Ehlrehardi
473 1478 550 1541 Vita
566 1481 604 1540 B.
623 1475 759 1540 Notkeri
781 1497 833 1559 ap.
852 1475 999 1539 Goldast.
1021 1481 1049 1552 1,
1069 1482 1142 1537 236.
1172 1469 1334 1540 “Parvuli
1350 1476 1447 1540 latine

271 1612 328 1676 pro
348 1607 462 1662 nosse,
488 1582 585 1646 medii
607 1580 820 1659 rithmice,
846 1581 942 1646 cete'ri
964 1603 1037 1645 vero
1063 1581 1250 1658 metrice,
1277 1583 1372 1667 quasi
1392 1605 1447 1668 pro

271 1695 380 1760 rostris
401 1689 534 1755 retorice
557 1687 654 1752 etiam
677 1688 861 1772 episcopum
883 1681 1055 1752 affantur.”
1086 1687 1274 1752 Ekkehardi
1290 1691 1396 1754 Casus
1411 1691 1444 1754 S.

272 1801 360 1867 Galli
375 1821 427 1883 ap.
446 1799 553 1860 Pertz.
574 1801 604 1872 2,
625 1801 676 1857 91.

244 2001 248 2010 ,
358 1942 396 2002 P.
413 1945 447 1999 91
457 1943 487 2013 8,
500 1936 524 1998 l.
541 1941 592 1998 25.
618 1935 812 1998 Assonantia
828 1957 893 1996 una
908 1957 981 1998 cum
995 1935 1188 2019 syllabarum
1200 1949 1287 2001 certo
1298 1961 1443 2016 numero,

272 2047 356 2132 quod
380 2055 428 2108 cst
448 2041 611 2126 proprium
634 2039 764 2104 celticae
785 2039 903 2104 formae
922 2041 1074 2124 po'c‘ticae,
1093 2041 1233 2126 primum
1249 2045 1446 2108 animadver-

274 2155 353 2218 titur
373 2153 406 2214 in
429 2147 553 2234 psalmo
578 2149 612 2212 S.
638 2145 824 2231 Augustini.
859 2147 933 2210 Una
955 2149 1128 2231 cademque
1151 2149 1269 2212 vocalis
1292 2173 1311 2212 o
1332 2150 1445 2212 finicns

273 2281 383 2323 omncs
404 2277 524 2331 versus,
543 2253 728 2318 assonantia
748 2253 847 2338 igitur
862 2275 957 2336 quam
979 2255 1107 2332 dixeris,
1134 2255 1299 2320 inv-'cuitur
1319 2257 1446 2340 quidem

274 2367 368 2430 etiam
393 2365 426 2426 in
450 2361 588 2425 carmine
609 2363 720 2444 po’e'tae
743 2360 925 2423 vetustioris
942 2361 1163 2424 Commodiani
1185 2363 1359 2447 inscripto:
1385 2365 1447 2426 No

274 2493 348 2536 men
371 2467 489 2534 Gazaei
510 2465 609 2548 (Bibl.
630 2467 718 2529 Patr.
740 2473 769 2544 3,
790 2473 862 2528 650.
883 2471 971 2546 651),
996 2467 1051 2529 sed
1073 2469 1162 2532 deest
1183 2480 1290 2532 certus
1313 2471 1447 2556 syllaba·

275 2601 347 2642 rum
369 2596 520 2639 numerus
538 2577 600 2655 (cst
621 2572 707 2636 enim
730 2571 906 2636 hexametri
928 2571 1020 2636 latini
1036 2573 1173 2638 imitatio
1189 2575 1239 2638 vel
1254 2575 1361 2638 forma
1375 2575 1449 2639 libe·

275 2685 363 2766 rior),
380 2695 412 2745 et
433 2681 549 2744 finiens
572 2703 589 2742 o
610 2703 719 2744 versus
735 2701 844 2742 omnes
860 2677 931 2740 idco
948 2689 1075 2741 tantum
1089 2681 1240 2764 adoptata
1256 2683 1400 2758 videtur,
1418 2697 1451 2745 ut

263 2791 442 2854 ·sitcc1·tus
464 2787 538 2849 finis
561 2808 711 2849 versuum
733 2785 898 2870 oppositus
919 2795 1004 2848 certo
1027 2783 1131 2863 initio,
1151 2789 1236 2869 quod
1258 2789 1384 2852 scilicet
1406 2799 1451 2852 est

276 2919 393 2962 nomen
408 2899 519 2980 po'ctae
535 2891 783 2956 Commodianus
799 2913 873 2953 cum
888 2891 1076 2974 cognomine
1093 2893 1264 2956 Mendicus
1278 2893 1404 2958 Christi
1419 2895 1450 2956 iu

177 2985 180 2992 ⁴
277 3001 453 3067 initialibus
468 2999 569 3062 literis
585 3019 735 3060 versuum
750 3008 832 3060 retro
848 2995 950 3060 lectis.

363 3144 401 3206 P.
422 3145 495 3216 921,
513 3137 536 3202 l.
556 3145 586 3201 9.
621 3138 671 3200 Ex
692 3136 927 3222 Antiphonario
949 3138 1134 3202 monasterii
1156 3140 1393 3204 benchorensis
1419 3141 1451 3204 in

278 3247 437 3313 llibcrnia
459 3255 536 3308 sunt
556 3265 665 3308 versus
688 3255 760 3328 post
782 3243 940 3328 hymnum
963 3243 1139 3336 Secundini
1160 3244 1194 3308 in
1219 3245 1253 3309 S.
1275 3247 1450 3310 Patricium

277 3353 368 3420 allati
392 3365 424 3416 et
441 3349 578 3414 desumti
594 3373 612 3412 a
627 3371 677 3412 me
694 3371 711 3411 e
730 3347 927 3414 Bibliotheca
942 3362 1081 3436 patrum.
1114 3351 1142 3414 E
1157 3351 1379 3416 vetustissimo
1394 3355 1451 3416 hoc

277 3457 513 3544 antiphonario,
539 3459 624 3540 quod
648 3455 844 3520 Muratorius
866 3479 883 3520 e
906 3457 1014 3521 codice
1035 3455 1245 3522 bibliothecae
1270 3461 1449 3524 Ambrosia·

278 3589 340 3632 nae
362 3563 480 3629 saeculi
502 3563 617 3640 octavi,
635 3573 672 3625 ut
696 3561 821 3625 videtur
843 3561 956 3626 editori
972 3563 1120 3647 (Antiqq.
1138 3563 1215 3628 Ital.
1236 3571 1267 3642 3,
1286 3573 1349 3628 669
1360 3593 1369 3642 ;
1388 3589 1449 3630 sac

280 3673 352 3736 culo
370 3671 435 3736 VII
451 3669 502 3732 vel
517 3669 602 3732 Vlll
619 3690 693 3730 eum
709 3669 854 3732 attribuit
869 3675 942 3732 Am.
962 3669 1100 3753 Peyron,
1117 3669 1218 3734 Cicer.
1236 3683 1319 3735 orat.
1338 3673 1447 3756 fragm.

280 3779 366 3842 ined.
382 3799 414 3862 p.
431 3779 519 3860 224),
533 3773 708 3860 publicavit
723 3773 757 3836 in
775 3785 860 3838 tomo
877 3775 924 3839 IV
936 3777 1186 3852 anecdotorum,
1202 3775 1258 3862 qui
1273 3777 1356 3841 liber
1367 3799 1449 3842 nunc

281 3887 411 3949 demum
439 3883 474 3946 in
505 3904 619 3945 manus
648 3902 734 3944 meas
766 3881 871 3958 venit,
899 3881 1055 3966 proferam
1082 3881 1179 3945 etiam
1206 3881 1270 3945 alia
1296 3887 1450 3968 quaedam

281 3990 429 4074 exempla
443 3987 624 4052 hibernicae
639 3995 817 4050 structurae
831 3985 973 4072 poeticae
988 3987 1023 4050 in
1039 3989 1181 4052 versibus
1197 3987 1319 4053 latinis.

369 4140 523 4223 Ejusdem
549 4138 659 4214 metri,
683 4136 775 4220 cujus
803 4149 852 4201 est
873 4137 1014 4222 hymnus
1035 4136 1212 4201 Secundini
1233 4137 1268 4200 in
1291 4139 1327 4202 S.
1354 4141 1450 4204 Paui-

282 4247 369 4310 cium
390 4247 455 4326 (cd.
479 4246 600 4308 Murat.
624 4267 656 4328 p.
678 4249 770 4326 136),
799 4255 985 4308 octonarum
1006 4243 1202 4326 syllabarum
1224 4243 1259 4306 iu
1282 4245 1448 4328 prioribus,

282 4361 486 4435 septenarum
509 4349 542 4412 in
565 4349 792 4433 posterioribus
813 4349 974 4426 membris,
993 4361 1041 4414 est
1056 4349 1153 4414 etiam
1168 4351 1325 4434 Hymnus
1342 4353 1377 4418 S.
1395 4354 1450 4418 c·-

283 4455 396 4518 melaci
413 4459 459 4537 (p.
481 4459 566 4538 142),
586 4456 686 4520 tribus
703 4457 842 4541 strophis
857 4467 1018 4533 constans,
1036 4477 1172 4540 quarum
1187 4469 1237 4520 est
1251 4458 1372 4542 primm
