2986 5050
297 375 359 438 836
472 375 513 438 V.
534 379 563 436 2.
593 393 1284 442 00110111101111111110111111101111111111.

296 545 471 622 manicum,
486 547 552 622 sed,
567 556 604 609 ut
620 547 849 624 Maroboduus,
863 568 916 610 ore
931 547 1047 632 gallico
1061 549 1176 632 gallice
1192 548 1445 613 transformatum.

297 653 491 717 Addendum
512 661 561 715 est
581 673 699 716 nomen
720 653 881 736 belgicum
903 656 1071 719 Atrebates
1092 675 1151 739 pro
1169 655 1370 732 Adtrebates,
1387 655 1447 718 assi·

296 759 461 824 milatione
483 759 604 836 eadem,
624 781 704 842 quae
725 759 821 822 etiam
842 760 966 824 obtinet
985 760 1147 825 hibemice
1162 761 1197 824 in
1213 761 1344 825 vocibus
1359 761 1449 824 atreis

296 867 445 948 (habitat,
463 865 614 949 possidet,
632 887 665 949 p.
686 867 774 948 359),
793 867 925 929 osochor
936 868 1112 950 (voluntas)
1125 867 1266 932 0000va
1275 867 1448 952 (adjunctio)

296 971 372 1035 Wb.
392 971 447 1054 Sg.
466 970 523 1053 iq,
541 993 678 1054 quarum
697 967 804 1035 tamen
820 971 1006 1056 compositio
1021 974 1125 1036 elucet
1140 995 1158 1036 e
1173 973 1282 1038 formis
1298 971 1451 1037 adrotltrcl

296 1076 478 1160 (habitavit,
499 1077 657 1160 consedit)
672 1077 733 1141 Ml.
756 1073 819 1154 ltb,
837 1079 1018 1142 adcotraim
1041 1079 1099 1163 (gl.
1118 1079 1204 1163 volo)
1221 1079 1278 1162 Sg.
1300 1075 1385 1156 146⁵,
1406 1079 1451 1141 cd

295 1185 460 1260 comcltor,
476 1183 697 1248 adchomlctcr
712 1183 925 1268 (adjungitur,
940 1187 1066 1267 untur)
1084 1186 1140 1269 Sg.
1155 1187 1209 1250 Cr.
1223 1186 1276 1250 Cf.
1294 1207 1373 1250 mox
1386 1186 1452 1248 inin

294 1290 419 1354 hibern.
438 1291 505 1354 ud-.

380 1397 447 1460 IN:
472 1396 624 1460 Insubres
645 1395 716 1460 Liv.
742 1397 894 1460 Indutius
910 1397 1016 1460 Inscr.
1041 1397 1191 1460 01131.
1224 1398 1452 1462 Indutiomams

294 1503 348 1586 (cf.
366 1527 399 1588 p.
421 1509 456 1565 31
482 1506 567 1584 not.)
583 1503 674 1566 Caes.
709 1503 883 1571 Quaeritur
904 1525 1012 1566 annon
1034 1504 1145 1566 eadem
1166 1503 1330 1586 particula
1352 1507 1392 1569 sit
1404 1506 1452 1569 iat·

249 1599 254 1604 ⁵
294 1611 388 1676 obvia
410 1621 484 1673 ante
503 1608 643 1672 vocales:
670 1609 840 1673 Intarabus
856 1611 966 1690 (deus;
990 1609 1031 1672 cf.
1050 1609 1210 1672 Marullus
1225 1611 1330 1673 Arabi
1350 1611 1452 1674 fi1.1n·

294 1717 402 1801 script.
423 1717 624 1781 Vesunnens.
639 1737 691 1800 ap.
706 1715 821 1791 Orell.,
837 1727 869 1778 et
883 1697 1094 1779 nomenlluv.
1108 1717 1235 1790 Arabo;
1254 1717 1379 1779 cambr.
1393 1717 1452 1780 hod.

294 1825 392 1908 arcs,
415 1821 517 1904 mitis)
538 1821 638 1885 Orell.
658 1825 752 1882 2015.
774 1812 967 1908 Ἰντουέργοι
985 1825 1116 1904 (nomen
1139 1819 1339 1885 Germaniae
1360 1819 1453 1907 populi

292 1929 446 1993 Rhenum
465 1927 634 1992 accolentis
649 1925 819 2010 gallicum
845 1928 886 1990 cf.
904 1929 1120 2012 Vergobretus
1136 1928 1243 2003 Caes,
1261 1931 1387 1992 cambr.
1403 1941 1452 1992 ret.

289 2058 400 2121 911119,
418 2057 450 2119 p.
472 2042 509 2095 14
526 2037 612 2115 not.)
634 2034 719 2097 Ptol.
738 2035 901 2097 Particula
922 2035 969 2097 ia·
991 2033 1024 2096 in
1044 2032 1216 2096 hibernicis
1238 2035 1382 2098 vetustis
1399 2035 1453 2118 qui·

290 2143 427 2206 busdam
446 2141 560 2204 transit
574 2141 609 2203 in
625 2139 890 2224 significationem
905 2139 1081 2204 habilitatis
1096 2139 1147 2203 vel
1162 2139 1374 2220 intensionis,
1390 2163 1454 2226 quae

292 2249 388 2313 etiam
404 2247 586 2311 continetur
600 2246 635 2310 in
650 2247 726 2310 hod.
745 2245 870 2311 hibern.
888 2247 971 2330 gaal.
989 2247 1068 2312 ica.
1098 2299 1101 2304 .

377 2354 485 2418 CON:
517 2354 736 2417 Consuanetes
764 2352 850 2417 Plin.
877 2352 1148 2430 Convictolitanes
1178 2353 1272 2418 Caes.
1309 2355 1453 2428 Condate,

291 2460 483 2525 Condatisco
499 2459 577 2522 Itin.
597 2459 695 2543 Greg.
714 2459 792 2522 Tur.
811 2460 1011 2523 Condercum
1027 2461 1123 2542 (Brit.
1138 2461 1229 2544 opp)
1247 2459 1362 2525 Notit.
1379 2461 1487 2568 dign

291 2566 450 2632 Condrusi
472 2568 564 2630 Caes
583 2565 766 2649 Congavata
782 2565 988 2648 (Brit.)th
1007 2566 1097 2651 dign.
1123 2551 1487 2650 CongenniciaInscr.

291 2675 411 2737 Mu‘rat.
433 2681 470 2734 17
476 2679 533 2750 78
554 2677 604 2735 12.
635 2671 808 2735 Contrebia
829 2675 939 2756 (caput
963 2673 1214 2748 Celtiberorum
1239 2672 1281 2736 cl.
1306 2676 1456 2739 Contreur
1485 2749 1487 2760 .

289 2779 376 2856 villa,
395 2779 437 2842 al.
456 2781 626 2855 Controve,
645 2779 820 2854 Gentrcue,
839 2780 880 2842 ad
898 2779 1078 2858 Mosellam,
1096 2779 1225 2844 Giinth.
1244 2782 1322 2845 eod.
1342 2783 1453 2867 diplt,

288 2910 322 2950 11.
342 2877 398 2968 2'5)
419 2885 528 2949 Valer.
554 2885 643 2948 Max.
667 2884 844 2968 Concangii
868 2884 971 2966 (Brit.
993 2907 1067 2970 opp.
1077 2889 1091 2968 )
1115 2886 1220 2949 Notit.
1246 2887 1345 2971 dign.
1375 2887 1455 2953 COll

289 3007 364 3058 ante
379 2992 526 3056 labiales:
546 2991 807 3054 Combretonium
823 2990 986 3072 (Britann.
1004 3014 1079 3076 opp.
1083 2996 1096 3074 )
1112 2991 1191 3055 Itin.
1209 2992 1294 3056 Ant.
1317 2996 1487 3059 Verecu-
1485 3027 1487 3062 t

289 3099 402 3184 bogius
426 3098 575 3182 Inscript.
601 3099 697 3162 Grut.
719 3103 798 3174 758,
820 3105 853 3159 11
867 3097 994 3182 ,eujus
1021 3099 1138 3162 formae
1163 3097 1349 3166 obtinentis
1374 3101 1456 3165 etiam
1485 3103 1487 3154 ἒ

289 3219 363 3271 ante
383 3205 507 3268 vocales
530 3216 614 3268 esset
633 3204 828 3289 exemplum,
847 3203 874 3268 si
895 3205 1024 3268 deberet
1045 3224 1183 3287 separari
1174 3203 1298 3267 '-Com
1283 3227 1396 3290 -agem
1388 3203 1454 3286 (ct.
1486 3185 1487 3194 ¹

290 3311 491 3397 Agendicum
506 3313 615 3394 Caes.)
631 3312 712 3374 Tab.
732 3313 770 3374 P.
803 3311 860 3376 CO
876 3320 951 3374 ante
973 3310 1122 3394 liquidas,
1140 3319 1178 3372 ut
1193 3309 1345 3376 videtur:
1368 3314 1456 3378 Cous

148 3485 151 3497 ,
289 3432 415 3484 motuso
432 3419 486 3502 (cf.
503 3419 647 3483 Namuta
667 3439 763 3502 supra
784 3441 817 3502 p.
838 3418 913 3500 759)
929 3415 1080 3502 Inscript.
1098 3417 1195 3480 Grut.
1215 3423 1293 3495 827,
1318 3427 1349 3482 1.
1381 3419 1456 3484 Num

289 3526 390 3612 possit
405 3525 501 3589 etiam
517 3523 615 3588 statui
630 3521 731 3586 forma
745 3523 832 3588 COB
847 3523 944 3587 nimis
959 3523 1094 3586 dubium
1109 3533 1157 3587 est
1173 3527 1219 3607 (p.
1241 3529 1312 3608 50).

375 3633 484 3696 ARE:
510 3629 693 3694 Aremorica
709 3629 796 3694 Plin.
816 3637 846 3707 4,
869 3637 917 3692 17.
936 3629 1119 3695 Aremorica
1140 3651 1219 3713 gens
1235 3633 1368 3698 Auson.
1385 3629 1455 3718 prol.
1486 3631 1487 3642 ’

294 3747 343 3804 10.
368 3737 546 3803 Arecomici
562 3739 655 3802 Caes.
673 3737 761 3800 Plin.
786 3736 983 3820 Arebrignus
1004 3757 1106 3820 pagus
1128 3736 1267 3800 Eumen.
1288 3741 1454 3822 (Panegpr.

288 3857 367 3910 vett.
389 3853 424 3921 7,
444 3849 488 3927 6).
520 3843 656 3927 Arelape
678 3843 760 3924 (loc.
785 3841 920 3923 Nuria.)
942 3842 1020 3905 Itin.
1042 3841 1171 3904 Arelate
1194 3843 1305 3924 (Gall.
1332 3845 1456 3923 meriti.)

289 3953 381 4016 Caes.
401 3949 487 4014 Plin.
516 3950 613 4034 Apud
628 3950 796 4012 Caesarem
811 3948 918 4011 minus
933 3949 1015 4010 bene
1030 3947 1174 4010 redditur
1187 3951 1379 4016 Armoricae
1392 3949 1456 4014 ciri-

288 4070 381 4136 tates,
392 4079 466 4121 cum
478 4056 563 4120 haud
576 4056 672 4120 dubie
683 4055 718 4118 in
730 4055 781 4118 his
789 4054 931 4119 obtineat
938 4051 1182 4139 praepositionis
1189 4054 1294 4120 forma
1302 4057 1455 4142 primitiva

287 4165 349 4242 ari,
365 4186 433 4241 are,
447 4185 464 4226 e
476 4185 539 4248 qua
550 4161 668 4246 prodiit
680 4161 806 4224 hibern.
821 4161 884 4238 air,
894 4161 1012 4225 cambr.
1023 4181 1074 4237 cr,
1084 4171 1117 4222 et
1128 4161 1167 4223 ab
1179 4160 1241 4224 hae
1253 4163 1456 4229 discernenda

287 4273 330 4336 sit
351 4271 507 4357 particula
528 4267 748 4353 inseparabilis
763 4290 828 4346 cr-,
847 4289 895 4331 er-
909 4267 944 4330 in
959 4266 1089 4330 nomine
1101 4257 1267 4348 Ἀρκυνια,
1284 4269 1453 4354 Hercynis.

237 4417 246 4431 ·
375 4379 478 4441 ATE:
496 4377 684 4441 Ateboduus
700 4375 802 4438 Inscr.
821 4375 918 4438 Grut.
935 4380 1008 4451 758,
1026 4379 1076 4434 11.
1094 4375 1259 4457 Ategnata
1271 4377 1453 4449 (11111758,

292 4491 341 4545 11.
363 4489 435 4559 763,
455 4489 486 4546 6.
518 4485 709 4547 Ataevortus
730 4481 827 4546 Grut.
849 4485 926 4557 733,
948 4487 976 4543 1.
1008 4480 1151 4546 Atecotti
1173 4480 1348 4564 (Britann.
1366 4481 1456 4570 pop.)
