3004 5066
244 325 323 386 1038
367 341 553 388 sessnorx.
586 341 752 386 sarcinas
768 341 895 386 ooorcrs
914 339 1091 386 nranaaror
1109 339 1252 385 assarna
1270 339 1336 384 wa.

241 615 279 677 Il.
328 612 572 696 specimen
609 611 1044 696 interpretationis
1087 610 1271 674 codicis
1308 611 1417 672 Pan·

550 715 642 780 lini
678 717 1100 802 wirziburgensis.

241 903 546 989 Interpretatio
575 903 849 988 epistolarum
875 906 923 968 ad
953 903 1246 978 colossenses,
1278 904 1327 967 ad
1358 903 1419 967 Ti·

463 1009 682 1087 motheum,
707 1009 866 1088 Titum,
891 1009 1187 1074 Philemonem.

327 1196 473 1282 Epistola
495 1197 536 1260 ad
558 1197 775 1262 colossenses.
807 1198 887 1282 Cap.
907 1198 935 1262 1.
968 1197 1092 1261 Paulus
1113 1195 1279 1280 apostolus
1296 1195 1421 1262 Christi

241 1305 323 1367 Jesu
343 1325 400 1388 per
422 1303 622 1366 voluntatem
642 1301 712 1366 dei¹
734 1314 767 1368 et
788 1303 976 1367 Timotheus
997 1303 1104 1382 frater,
1122 1302 1161 1365 iis
1183 1301 1241 1386 qui
1263 1313 1342 1365 sunt
1360 1303 1420 1366 Co

242 1409 334 1474 lossis
357 1409 474 1474 sanctis
498 1420 530 1472 et
549 1409 698 1474 fidelibus
720 1409 870 1474 fratribus
892 1410 925 1473 in
949 1409 1077 1474 Christo
1097 1411 1188 1474 Jesu.
1226 1408 1344 1474 Gratis
1370 1431 1421 1471 vo·

242 1516 291 1579 bis
314 1527 347 1580 et
370 1537 434 1598 pax
456 1537 474 1578 a
495 1517 554 1579 deo
576 1525 665 1600 patre
690 1526 810 1606 nostro.
844 1516 973 1582 Gratias
989 1516 1113 1599 agimus
1128 1517 1187 1580 deo
1211 1527 1245 1579 et
1264 1515 1350 1599 patri
1368 1515 1421 1578 do-

243 1622 324 1686 mini
350 1621 451 1686 nostri
476 1621 555 1685 Jesu
581 1620 703 1686 Christi
728 1644 852 1706 semper
878 1645 935 1707 pro
962 1621 1049 1686 vobis
1075 1633 1218 1699 orantes,
1250 1621 1420 1684 audientes

244 1728 339 1792 fidem
365 1739 502 1792 vestram
529 1727 563 1790 iu
585 1727 715 1794 Christo
737 1729 817 1792 Jesu
838 1739 870 1792 et
891 1729 1094 1794 dilectionem
1115 1751 1213 1812 quam
1235 1727 1366 1792 habetis
1389 1728 1421 1789 in

244 1844 371 1897 sanctos
392 1856 520 1912 omnes,
546 1844 675 1918 propter
697 1856 786 1918 spem
808 1856 889 1918 quae
909 1835 1047 1919 reposita
1068 1845 1117 1900 est
1139 1837 1229 1900 vobis
1250 1837 1287 1900 iu
1309 1835 1418 1913 coelis,

245 1961 342 2024 quam
372 1939 505 2004 audistis
536 1940 571 2004 in
600 1942 695 2004 verbo
725 1940 867 2004 veritatis
893 1939 1068 2026 evangelii,
1097 1944 1182 2026 quod
1205 1943 1357 2028 pervenit
1382 1943 1420 2006 ad

245 2069 311 2123 vos,
330 2045 413 2108 sicut
434 2057 466 2110 et
486 2047 520 2109 in
542 2046 689 2111 universo
711 2047 832 2110 mundo
852 2057 901 2112 est
922 2059 954 2111 et
974 2047 1146 2112 fructificat
1160 2061 1193 2112 et
1208 2049 1325 2114 crescit
1340 2049 1421 2112 sicut

245 2153 280 2216 in
303 2151 412 2217 vobis²
435 2175 475 2216 ex
497 2174 535 2216 ea
549 2151 600 2216 die
616 2175 680 2236 qua
694 2153 829 2217 audistis
844 2164 876 2217 et
891 2153 1083 2238 cognovistis
1097 2155 1236 2239 gratiam
1251 2155 1305 2219 dei
1320 2155 1357 2218 in
1372 2177 1420 2218 ve·

245 2259 349 2335 ritate,
365 2259 449 2322 sicut
464 2258 618 2322 didicistis
635 2259 675 2321 ab
687 2254 875 2344 Epaphra,⁸
890 2259 1051 2324 carissimo
1063 2283 1215 2326 conservo
1227 2273 1353 2340 nostro,
1367 2259 1419 2344 qui

246 2379 294 2428 est
315 2365 419 2428 fidelis
435 2388 491 2450 pro
507 2364 596 2429 vobis
612 2363 758 2428 minister
773 2363 896 2430 Christi
910 2365 1000 2444 Jesu,
1019 2367 1075 2450 qui
1090 2367 1188 2430 etiam
1201 2366 1420 2432 manifestarit

246 2472 337 2535 nobis
353 2472 555 2546 dilectionem
571 2481 708 2534 vestram
723 2469 758 2533 in
772 2471 898 2558 spiritu.
925 2473 1002 2537 Ideo
1018 2483 1050 2536 et
1064 2495 1122 2537 nos
1139 2496 1179 2538 ex
1190 2496 1256 2558 qua
1267 2473 1322 2538 die
1333 2471 1419 2536 audi-

248 2579 351 2642 vimus
373 2600 439 2642 non
460 2599 619 2640 cessamus
633 2597 691 2660 pro
706 2577 795 2640 vobis
810 2589 936 2642 orantes
952 2589 984 2642 et
998 2579 1210 2664 postulantes,
1237 2591 1277 2644 ut
1291 2579 1419 2664 implea-

247 2684 327 2748 mini
343 2683 506 2768 agnitione
521 2682 695 2747 voluntatis
712 2683 791 2766 ejus.
821 2685 872 2748 IN
890 2685 976 2748 omni
992 2684 1172 2769 sapientia*
1187 2698 1219 2750 et
1234 2681 1419 2750 intellectu⁵

247 2785 420 2876 spirituali⁶
440 2801 478 2854 ut
500 2789 669 2852 ambuletis
690 2791 786 2874 digne
807 2791 866 2854 deo
887 2813 943 2874 per
966 2791 1074 2854 omnia
1095 2791 1260 2876 placentes
1284 2791 1320 2857 in
1336 2789 1418 2857 omni

247 2918 340 2979 opere
354 2894 460 2960 bono⁷
480 2895 708 2960 fructificantes
730 2906 762 2959 et
784 2911 960 2960 crescentes
982 2897 1016 2960 in
1032 2897 1164 2962 scientia
1180 2895 1262 2976 dei,⁸
1285 2899 1321 2962 in
1337 2896 1418 2961 omni

247 3003 364 3065 virtute
380 3001 548 3064 confortati
564 3003 741 3064 secundum
756 3003 933 3086 potentiam
948 3003 1102 3068 claritatis
1118 3003 1198 3088 ejus,
1212 3005 1249 3068 in
1264 3006 1356 3070 omni
1369 3025 1417 3090 pa·

249 3107 362 3171 tientia
384 3117 415 3170 et
436 3107 681 3191 longanimitate
702 3129 776 3170 cum
798 3107 933 3191 gaudio,
958 3109 1077 3194 gratias
1102 3121 1235 3194 agentes
1251 3113 1313 3175 deo
1328 3109 1415 3195 patri,

249 3213 305 3296 qni
328 3213 441 3296 dignos
464 3235 522 3276 nos
546 3213 620 3277 fecit
642 3213 676 3276 iu
698 3225 821 3298 partem
845 3214 937 3278 sortis
959 3227 1142 3279 sanctorum
1163 3215 1198 3280 in
1212 3217 1350 3294 lumine,
1366 3215 1416 3299 qui

247 3319 365 3403 cripuit
386 3339 443 3383 nos
466 3319 504 3382 de
524 3331 682 3403 potestate
702 3321 914 3397 tenebrarum,
933 3329 966 3384 et
981 3321 1147 3386 transtulit
1160 3321 1195 3384 in
1211 3345 1350 3408 regnum
1364 3319 1416 3384 tilii

248 3425 427 3489 dilectionis
449 3421 553 3502 suae,⁸
577 3425 611 3488 in
634 3449 697 3510 quo
719 3425 874 3490 habemus
897 3427 1126 3492 redemtionem
1148 3439 1180 3492 et
1201 3429 1415 3497 remissionem

248 3527 492 3623 peccatorum‚¹⁰
515 3531 570 3614 qui
585 3543 634 3595 est
650 3529 754 3616 imago
769 3532 822 3595 dei
836 3532 1047 3612 invisibilis,¹¹
1070 3533 1307 3618 primogenitus
1321 3533 1414 3598 omnis

247 3649 420 3714 creaturae,
438 3637 589 3720 quoniam
610 3637 642 3700 in
667 3638 736 3721 ipso
758 3639 886 3703 condita
909 3651 985 3704 sunt
1009 3639 1157 3704 universa
1181 3639 1213 3704 in
1231 3639 1330 3705 coehs
1344 3639 1414 3704 etin

248 3757 342 3820 terra,
367 3743 506 3808 visibilia
528 3753 559 3807 et
579 3741 764 3822 invisibilia,
788 3745 854 3810 sive
878 3745 985 3810 throni
1006 3746 1072 3812 sive
1095 3747 1343 3826 dominationes,
1359 3745 1415 3810 sira

318 4017 393 4088 (Wb.
409 4019 464 4089 26⁰)
505 4021 514 4070 l
535 4016 638 4072 intentu
656 4017 805 4073 desiliret
824 4037 896 4073 macc
915 4019 1101 4074 umnotbotitas
1112 4019 1302 4091 soropetaloct
1313 4011 1414 4072 eatuli

251 4105 337 4156 lana
345 4101 520 4173 sormhet'ret
533 4102 819 4173 totrtttqedariadttsi
871 4105 1314 4175 3.1.uttoeacr¹pradackdtat
1357 4107 1410 4156 l-t-

249 4187 355 4257 etorpnt'
365 4189 453 4242 deceta
496 4192 511 4240 5
532 4207 561 4242 .1.
575 4189 722 4259 anapopt'en
767 4195 782 4244 6
803 4209 831 4244 a.
846 4197 952 4246 storeae
964 4194 1085 4244 nondun
1099 4191 1176 4244 diade
1201 4193 1226 4242 'i
1246 4181 1413 4243 mutasti

241 4272 443 4342 foradinpntme
480 4277 495 4326 Β
515 4292 543 4328 .ι.
558 4275 711 4328 etorcm'doe'

317 4365 332 4409 s
354 4377 381 4412 .1.
396 4359 535 4412 conrobora
548 4359 833 4432 t'flothsmnaclttloer.
875 4365 905 4414 10
925 4361 1214 4432 .r.s'eh·t't'tdorolpstlo
1224 4357 1409 4432 arpoetltt'ffl
1500 4377 1501 4382 ¹

252 4447 277 4495 ll
293 4445 397 4512 flrdelb
410 4445 454 4498 dai
463 4445 532 4498 caeli
543 4446 560 4498 l.
570 4465 622 4516 per
634 4446 719 4516 paura
732 4447 898 4516 cognoscitur
910 4447 1063 4516 dempster
