2986 5050
341 388 383 452 V.
402 395 432 452 2.
464 347 664 454 coueosmro
678 405 826 453 munros
1107 389 1170 452 819

34 559 95 626 sinit
107 559 192 623 etium
206 557 395 622 intercedere
410 556 494 620 inter
507 577 600 620 voces
610 556 792 641 jungendas
808 557 1047 641 compositione,
1065 559 1168 642 prisca

33 665 125 750 plica
142 685 178 727 eo
195 673 319 730 tantum
342 661 458 739 differt,
477 664 563 745 quod
584 683 641 746 pro
663 687 684 728 α
705 675 754 728 est
775 687 804 740 o,
828 684 910 747 quae
930 673 963 726 et
981 663 1051 746 ipsa
1065 675 1170 748 potest

33 770 108 834 inseri
132 781 199 852 post
223 768 289 834 iet
311 789 350 844 a,
375 789 458 852 quae
487 767 565 832 alias
588 767 792 833 intercedunt
813 768 882 832 sine
902 789 950 832 ee.
989 768 1101 853 Hujus
1120 793 1167 834 re·

32 876 105 960 gulae
123 875 262 959 exempla
281 884 408 937 vetristu
423 873 492 956 jam
513 893 611 956 supra
624 887 810 938 enumerata
825 884 902 937 sunt
916 876 962 957 (p.
983 877 1069 958 tta).
1103 877 1167 940 Eu·

34 981 165 1065 cipiantur
182 982 222 1044 ab
240 1002 278 1043 ea
294 979 492 1042 solummodo
507 979 681 1062 particulae
695 979 877 1043 desinentes
892 979 998 1042 autin
1012 1001 1167 1046 consonas

34 1088 191 1167 (insubres,
214 1086 383 1161 Con-date,
401 1085 656 1160 Ver-nemetum,
673 1083 871 1161 rid-minius,
890 1085 1167 1170 Ex·eincomerus)

33 1204 74 1255 aut
89 1193 117 1255 in
137 1190 377 1271 e(Are-morici,
401 1191 614 1265 Ate-boduus,
640 1190 941 1272 Andecamulum),
959 1211 1051 1254 voces
1072 1214 1167 1275 quse·

32 1297 87 1360 daur
100 1297 277 1360 terminatae
292 1296 413 1380 syllaba
428 1295 471 1359 -t‘s
485 1297 619 1358 obscura
634 1295 869 1376 (Civis-marus,
887 1295 1072 1373 Atis-mara,
1091 1299 1166 1360 Car-

32 1403 203 1478 tismandua,
218 1401 427 1483 Ratisbona)
438 1411 534 1484 atque
549 1422 615 1463 uns
629 1399 680 1468 vel
696 1399 796 1464 altera
810 1421 873 1464 vox
888 1421 968 1483 quae
983 1401 1018 1464 in
1029 1401 1167 1464 mediam

31 1507 149 1570 desinens
169 1507 272 1571 vocali
291 1506 449 1590 jungente
470 1505 595 1569 facilius
615 1525 719 1568 carere
734 1505 840 1588 potuit
854 1507 1092 1587 (Lug-dunum,
1110 1529 1168 1590 pro

31 1634 77 1694 quo
88 1615 180 1684 adhuc
194 1622 301 1676 exstat
315 1611 545 1695 Lugodunum,
563 1610 796 1694 Lugudunum,
810 1613 1014 1689 Cobnertus,
1029 1613 1167 1676 Bod-va·

29 1719 89 1796 eius,
103 1718 372 1802 Vodgoriacum).
937 1737 940 1746 ¹

93 1825 162 1887 Tres
181 1825 254 1888 illus
276 1833 418 1885 venustas
437 1821 562 1886 vocales
576 1820 826 1906 compositionis,
845 1843 925 1905 quae
939 1823 1075 1886 deficere
1087 1823 1167 1886 inci-

28 1929 100 2012 piunt
114 1929 177 2014 jam
196 1929 233 1992 in
247 1927 354 2012 prisea
368 1927 490 2010 lingue,
509 1936 582 2008 post
596 1928 817 1991 Rornanorum
832 1939 969 1992 aetatem
982 1929 1086 2012 magis
1100 1951 1166 1993 ma·

27 2033 114 2117 gitque
126 2035 275 2098 defecisse
289 2033 364 2096 inde
380 2031 596 2116 colligendum
610 2043 669 2110 est,
684 2033 770 2115 quod
784 2053 825 2095 ne
840 2055 906 2096 una
921 2034 1050 2117 quidem
1062 2035 1167 2098 adhue

26 2152 142 2224 superest
154 2141 189 2204 in
202 2139 423 2224 monumentis
439 2149 506 2202 tam
520 2137 703 2204 hibernicae
717 2137 849 2220 linguae
864 2160 959 2221 quam
970 2139 1168 2204 britannicae

26 2245 102 2310 enm
120 2245 353 2311 vetustissimis.
393 2243 538 2327 Vestigia
557 2254 682 2320 temen,
707 2243 793 2326 quod
813 2242 973 2308 adfuerint
992 2249 1164 2328 quondum,

25 2349 112 2414 relicta
125 2372 190 2415 esse
203 2351 378 2415 inficiendo
393 2369 567 2414 consonam
577 2349 782 2412 inchoantem
793 2349 878 2412 vocis
890 2349 1072 2433 posterioris
1083 2373 1166 2416 com-

24 2455 109 2538 positi,
120 2457 184 2542 jam
200 2480 297 2543 supra
314 2459 567 2520 demonstratum
582 2466 631 2517 cst
647 2455 693 2537 (p.
715 2460 786 2516 191.
807 2457 894 2538 192).
986 2479 989 2485 ·

90 2563 269 2648 Composita
283 2564 354 2648 ipsa
368 2563 534 2645 utriusque
549 2560 679 2643 lingrrae
694 2559 849 2638 residuae,
864 2559 1045 2626 hibernicae
1061 2573 1093 2625 ct
1104 2563 1165 2624 bri-

24 2665 160 2746 tannicae,
184 2669 306 2734 abhinc
327 2669 543 2732 enumeranda
564 2677 641 2730 sunt
663 2667 841 2730 seeundum
862 2666 1007 2732 ordinem
1027 2667 1167 2750 partium

24 2774 158 2838 emtionis.
190 2775 441 2858 subjungentur
459 2773 494 2836 in
509 2773 574 2835 fine
589 2771 815 2854 decomposita,
833 2771 857 2834 i.
874 2793 902 2834 e.
921 2793 938 2833 e
952 2773 1097 2856 pluribus
1113 2795 1165 2836 vo-

22 2876 92 2941 abus
111 2881 294 2969 composita.
327 2878 512 2944 Hibernicis
535 2877 631 2942 etiam
650 2876 711 2939 hie'
725 2877 970 2960 praemittentur
984 2877 1100 2960 gallica
1114 2899 1165 2940 vc·

23 2991 89 3046 toste
101 2987 252 3070 exempla.

125 3637 129 3647 .
231 3577 263 3646 1.
320 3571 617 3667 Compositio
657 3571 925 3643 hibernica.

267 3901 270 3906 1
324 3829 365 3888 A.
401 3821 573 3889 Nomina
595 3821 832 3906 composita.

86 4043 140 4108 Est
158 4045 244 4109 idern
266 4067 390 4130 semper
408 4043 620 4128 componendi
634 4044 760 4119 modus,
777 4042 844 4106 sive
859 4042 945 4127 prior
959 4045 1094 4106 duarum
1110 4064 1163 4106 vo-

20 4162 76 4208 cum
88 4161 133 4212 est
144 4151 279 4233 genitivi
292 4153 343 4214 rel
358 4152 440 4215 alius
456 4171 546 4214 casus
561 4149 641 4226 loco,
660 4151 726 4212 sive
740 4149 932 4212 nominativi
947 4148 997 4210 vel
1012 4145 1160 4228 appositi,

19 4259 46 4310 ut
58 4254 90 4316 lit
100 4255 132 4318 in
146 4257 290 4320 dialectis
306 4256 435 4321 celticis.

88 4365 114 4422 1.
143 4362 419 4426 substantiva
446 4383 533 4423 cum
563 4359 854 4424 substantivis.
893 4359 1030 4423 Vetusta
1050 4358 1168 4442 gallica

18 4463 128 4528 uomina
140 4467 281 4549 plurima
294 4469 357 4532 duo
372 4465 571 4531 substantiva
586 4466 716 4543 sistunt,
734 4465 921 4549 praesertim
935 4465 971 4528 in
986 4465 1104 4548 quibus
1118 4487 1165 4530 se·

890 4574 929 4628 52
938 4567 954 4600 ⁴
