2994 5052
278 349 341 410 692
527 347 587 408 IV.
608 351 637 406 3.
669 365 936 410 conrnnorronns
953 366 1190 411 nnrrnrnrcan.

278 531 311 582 et
332 515 476 600 quamvis
499 524 582 578 esset
603 513 708 577 valido
729 517 822 578 modo
845 515 942 592 istud,
961 537 1027 580 non
1048 515 1181 599 longum
1200 515 1263 578 fuit
1277 517 1384 579 donee
1399 517 1450 578 de·

274 625 379 709 jectus
401 625 486 704 sum)
503 621 591 683 Mab.
613 625 641 695 1,
661 625 691 681 9.
711 621 889 703 yorderolro
906 620 951 684 tt.
970 621 1034 706 kyn
1049 621 1127 706 nytlt
1143 643 1244 706 eynno
1261 625 1448 702 (amaeam,

279 729 423 794 etiamsi
443 747 509 790 non
529 735 560 788 te
580 724 730 806 voluerit)
749 732 777 802 1,
798 732 870 788 238.
895 727 990 810 aoltyt
1010 727 1151 811 dyweto't
1164 728 1402 809 uotportkawr
1416 749 1452 791 or

280 837 329 920 lys
350 835 476 898 arthur.
494 841 552 916 nyt
571 833 631 894 oed
648 852 689 915 yr
709 853 749 893 on
765 833 811 912 (et
832 833 976 914 quamvis
997 833 1164 910 diceretur,
1183 855 1252 896 esse
1271 833 1452 916 portarium

279 943 319 1004 ad
334 941 441 1004 aulam
455 939 510 1014 A„
529 959 595 1000 non
610 946 677 999 erat
693 937 836 1018 omnino)
857 945 884 1013 l,
907 944 935 999 1.
960 937 1137 1021 amoneqiy
1152 960 1222 1000 mae
1236 938 1326 1001 idaw
1344 927 1451 1023 botyit

279 1046 354 1109 well
373 1043 457 1107 idaeo
482 1043 613 1106 troulaw
636 1042 749 1104 blodeu
770 1065 790 1126 y
812 1042 1016 1134 t'euenotr'toe
1034 1045 1162 1107 detored
1172 1043 1349 1128 ynkynnal
1360 1046 1453 1128 yder-

280 1173 385 1237 oyneu
405 1149 498 1212 etun.
517 1171 575 1211 noo
596 1171 640 1232 yn
664 1147 873 1210 twrneimeint
894 1148 1061 1232 diffrwytb
1075 1149 1134 1233 kyt
1147 1148 1231 1232 oaffo
1247 1149 1314 1212 οἶοί
1326 1151 1454 1235 yndamt

280 1259 508 1336 (demonstrare
535 1253 581 1330 ei,
606 1274 674 1316 esse
695 1252 809 1316 melius
831 1253 861 1315 ei
883 1253 1064 1337 impendere
1085 1253 1195 1316 florem
1209 1253 1402 1336 juventutis
1423 1267 1453 1318 et

280 1362 429 1426 virtutem
450 1381 542 1422 suam
563 1360 604 1421 ad
626 1357 839 1422 defendendos
857 1360 937 1422 fines
953 1381 1027 1422 suos
1043 1381 1140 1442 quam
1155 1361 1393 1424 torneamentis
1408 1359 1454 1424 in·

278 1465 434 1543 fecundis,
459 1463 603 1548 quamvis
625 1463 782 1550 acciperet
802 1464 936 1546 gloriam
956 1465 991 1528 in
1013 1465 1072 1548 eis)
1090 1471 1120 1542 2,
1140 1471 1192 1528 29.
1224 1464 1373 1548 Scriptio
1395 1465 1456 1528 leod

278 1574 314 1636 in
329 1575 428 1655 Leg.:
453 1571 517 1633 ted
531 1570 628 1634 delter
652 1579 736 1656 troya
758 1592 857 1656 orney
873 1571 1031 1654 (quamvis
1046 1571 1180 1635 infertur
1194 1571 1241 1634 via
1259 1570 1320 1652 ei),
1341 1569 1409 1634 ted
1420 1591 1453 1634 ιιι

276 1686 372 1762 quoto
388 1677 429 1761 es
438 1676 596 1758 (quamvis
612 1675 644 1737 id
659 1676 835 1758 negaverit)
854 1682 884 1738 2.
906 1684 933 1739 l.
953 1683 1011 1752 80;
1031 1685 1062 1739 4.
1082 1684 1113 1740 9.

364 1783 447 1845 Cum
464 1780 634 1864 negatione
649 1779 748 1866 kany,
766 1781 867 1866 irony:
889 1781 1004 1866 othydt'
1017 1783 1168 1867 amywely
1184 1781 1298 1866 ikany
1316 1783 1455 1868 welwyfi

280 1888 360 1974 dydt
373 1889 419 1969 (et
440 1897 475 1948 tu
496 1886 616 1949 videbis
638 1908 700 1962 me,
718 1887 863 1969 quamvis
884 1909 943 1970 ego
961 1909 1027 1950 non
1042 1889 1155 1952 videbo
1170 1892 1215 1970 te)
1231 1889 1326 1951 Mab.
1350 1895 1384 1965 1,
1407 1897 1452 1952 tt.

278 1994 359 2079 keny
381 1989 490 2056 dolebo
509 1989 578 2076 tyd
591 1999 690 2075 anyto
706 2015 743 2055 ao
759 1993 804 2076 eff.
822 1993 863 2076 ef
871 1994 961 2056 adele
976 1993 1046 2080 kyd
1058 2003 1123 2058 ovet
1138 1993 1298 2076 (quamvis
1314 2017 1390 2058 non
1404 1995 1454 2056 de

278 2099 382 2163 buerit
397 2119 463 2160 una
478 2098 569 2159 edere
584 2117 658 2158 cum
673 2119 721 2174 eo,
739 2098 833 2160 debet
848 2119 913 2160 una
927 2099 1047 2182 bibere)
1063 2101 1141 2181 Leg.
1163 2107 1192 2162 l.
1211 2105 1241 2160 9.
1264 2104 1317 2160 18.

363 2202 560 2268 Cornicae
582 2201 700 2264 formae
723 2201 776 2286 ty,
795 2203 859 2288 hyn
882 2203 917 2266 in
939 2206 1048 2268 Passa
1071 2226 1153 2288 qam
1174 2226 1217 2267 an
1238 2203 1309 2266 toul
1330 2203 1405 2288 hyn
1424 2225 1455 2266 re

279 2317 448 2394 temptyo..
466 2327 585 2391 ,ραηεο
600 2306 708 2390 leysos
725 2307 797 2370 tent
794 2330 832 2392 με
849 2317 878 2370 te
892 2331 913 2370 a
924 2309 962 2394 yt
970 2309 1067 2372 eeoell
1076 2311 1187 2390 orte(a
1198 2308 1328 2372 diabolo
1340 2331 1455 2392 quam·

278 2416 326 2479 vis
349 2414 391 2476 sie
415 2422 567 2488 tentatuS,
585 2433 642 2495 per
657 2432 732 2474 eum
747 2413 892 2495 quamvis
907 2414 1028 2476 fueris
1020 2435 1161 2489 invasus,
1179 2425 1216 2477 tu
1229 2416 1353 2497 poteris
1374 2429 1456 2479 stare

278 2531 389 2585 eontra
411 2522 498 2600 eum)
516 2519 605 2580 Pass.
625 2523 677 2594 22,
698 2525 726 2579 1.
746 2525 776 2580 4.
800 2521 896 2582 Jeeua
917 2542 937 2582 a
958 2543 994 2582 oe
1015 2519 1266 2604 hombroukye..
1286 2519 1390 2605 .kyn
1406 2520 1456 2584 rto
1494 2495 1496 2620 1

278 2629 323 2690 du
342 2626 388 2707 (J
407 2634 474 2686 erat
495 2623 627 2699 dumne,
652 2623 797 2704 quamvis
818 2624 880 2686 fuit
899 2626 992 2708 deus)
1012 2633 1082 2702 163,
1097 2635 1128 2687 4.
1153 2625 1218 2710 kyn
1238 2647 1303 2707 naq
1321 2625 1384 2708 off
1398 2627 1496 2689 den
1494 2651 1496 2704 2

277 2730 441 2816 ekontyll.
462 2727 638 2812 ,lavoraff
651 2727 757 2811 thye(
743 2729 901 2810 (quamvis
922 2752 988 2792 non
1011 2752 1082 2794 sum
1104 2730 1153 2792 vir
1175 2729 1324 2813 sapiens,
1347 2731 1456 2794 dioam
1494 2713 1496 2746 ⁵

281 2837 338 2900 tibi
345 2862 354 2912 ;
379 2836 505 2918 legend.
523 2855 581 2917 pro
605 2833 673 2918 llyn
688 2836 863 2918 naqoft)8‚
885 2843 913 2897 1.
939 2835 1073 2920 kynsal
1059 2835 1137 2899 lleno
1152 2835 1186 2898 ol
1198 2857 1248 2898 me
1261 2857 1283 2897 a
1298 2846 1387 2900 wort
1401 2836 1455 2921 yn

278 2941 377 3006 servia
393 2939 551 3024 (quamvis
572 2959 681 3002 omnes
703 2940 828 3017 cadant,
847 2961 905 3024 ego
920 2943 1009 3006 stabo
1024 2941 1058 3004 in
1075 2940 1201 3006 servitio
1218 2953 1291 3015 tuo;
1311 2941 1381 3024 leg.
1400 2963 1455 3026 pm
1494 2951 1496 2954 ’

280 3046 496 3134 llynsylleae)
512 3051 564 3122 49,
588 3054 615 3107 1.

364 3149 527 3216 Armorica
542 3151 687 3234 exempla
701 3151 829 3215 desunt.

365 3281 392 3321 e.
417 3257 520 3332 CAN,
540 3255 638 3318 KAN
654 3256 772 3339 (quia):
792 3279 851 3322 oon
867 3259 957 3322 buoet
969 3281 1012 3344 yn
1029 3279 1129 3322 ormee
1144 3280 1187 3342 yn
1200 3257 1304 3343 qytyt
1321 3259 1455 3344 abynny

280 3364 327 3428 mi
346 3361 465 3447 amnas
478 3383 521 3426 na
543 3361 621 3446 byolt
637 3361 712 3446 byth
728 3361 850 3426 bellach
865 3364 954 3448 (quia
968 3364 1057 3427 fuisti
1071 3373 1252 3426 monstrum
1268 3363 1452 3448 bucusque,

280 3493 339 3554 ego
354 3468 468 3532 faciam
483 3489 524 3530 ne
539 3467 582 3530 sis
598 3465 728 3530 omnino
743 3468 896 3550 amplius)
913 3471 1001 3532 Mab.
1020 3477 1030 3530 1
1037 3517 1047 3546 ,
1065 3473 1137 3530 272.
1154 3467 1334 3553 ydr'olcltas
1342 3493 1365 3554 y
1383 3472 1455 3534 datr

280 3575 488 3660 leoffelgwoa
510 3571 685 3656 kyndeoket
705 3594 726 3634 a
748 3572 949 3658 chyndewret
969 3573 1048 3637 atti.
1067 3573 1132 3636 leon
1146 3595 1190 3657 ny
1206 3571 1333 3638 cheueie
1347 3598 1370 3659 y
1384 3597 1457 3660 geor

280 3677 431 3764 mwyhos
446 3701 467 3741 a
485 3699 599 3761 qorwn
615 3675 745 3760 (gratiae
767 3699 859 3761 agam
882 3680 951 3754 deo,
970 3678 1055 3760 quod
1077 3677 1197 3761 accipio
1213 3677 1373 3772 juvenem
1391 3693 1455 3742 tam

280 3787 452 3848 formosum
467 3793 499 3845 et
513 3793 680 3846 strenuum
695 3794 733 3846 ut
743 3794 790 3860 tu,
805 3783 956 3866 quianon
969 3781 1076 3866 accepi
1087 3781 1191 3844 virum
1203 3803 1299 3864 quem
1312 3785 1456 3847 maxime.

281 3891 439 3971 amabam)
459 3897 487 3966 1,
507 3895 580 3950 276.

367 3995 427 4059 Est
448 4005 480 4058 et
503 3993 604 4058 forma
625 4005 719 4057 aucta
734 3995 824 4057 CAN
827 3993 882 4057 YS
900 3993 1032 4072 (addito,
1050 4004 1088 4056 ut
1109 3993 1246 4068 videtur,
1264 3994 1364 4056 verbo
1381 3997 1455 4058 sub

282 4101 451 4182 stantivo):
477 4099 580 4185 konya
598 4101 696 4183 qwell
712 4121 762 4185 yw
780 4097 934 4184 qennyttr'.
953 4099 1076 4183 meneqt'
1094 4098 1224 4182 oltonafi
1235 4098 1300 4182 yut
1314 4100 1360 4184 dy
1376 4101 1457 4186 qfler

282 4207 357 4271 notk
374 4207 418 4270 lea
433 4206 480 4270 mi
493 4229 530 4270 ae
544 4207 707 4290 managos
715 4205 755 4270 itt
765 4205 854 4288 (quio
868 4203 969 4288 magis
985 4205 1089 4288 placet
1100 4203 1170 4278 tibi,
1184 4204 1361 4266 monstrari
1373 4227 1395 4268 a
1406 4225 1456 4268 me

283 4313 342 4376 tibi
356 4313 593 4376 incommodum
609 4323 712 4387 tuum,
727 4333 824 4394 quam
838 4309 1051 4386 commodum,
1066 4330 1124 4392 ego
1136 4307 1169 4370 id
1181 4310 1371 4372 monstrabo
1384 4310 1456 4390 tibi)

281 4419 371 4483 Mab.
393 4423 422 4493 1,
441 4423 471 4478 6.
496 4418 583 4480 drwo
603 4439 653 4502 yw
676 4416 718 4500 dy
740 4437 859 4500 anyon.
878 4415 1018 4500 aohanyr
1041 4436 1079 4498 oy
1095 4413 1152 4477 lloo
1167 4412 1182 4474 ι’
1193 4414 1337 4497 ydoednt
1352 4415 1381 4478 o·
1392 4437 1457 4498 φεμ
