3004 5066
287 369 368 431 1010
413 387 599 432 srenrrmx.
632 387 798 430 senonum
814 387 940 432 oonrcrs
957 387 1135 430 urecnnrcr
1152 387 1322 432 rmscrssr
1340 389 1387 430 ss.

264 673 267 684 ·
359 655 401 717 D.
450 651 693 735 Specirnen
729 652 1164 736 interpretationis
1201 653 1386 716 codicis

560 757 802 820 Prisciani
833 757 1182 841 sangallensis.

289 957 587 1045 Interpretatio
614 957 793 1040 capitum
822 961 867 1022 dc
897 959 1038 1035 litera,
1068 959 1113 1022 de
1142 959 1355 1034 dictione,
1379 980 1447 1041 par·

463 1063 564 1127 tium
585 1061 787 1126 orationis
808 1064 1081 1147 proprietate,
1105 1063 1280 1126 nominc.

376 1297 448 1360 Lib.
459 1295 488 1358 I.
503 1317 572 1377 cap.
584 1294 631 1358 ΙΙ.
658 1291 766 1358 Litera
781 1305 831 1358 est
845 1293 979 1360 minima
993 1317 1066 1378 pars
1080 1294 1166 1359 vocis
1177 1294 1386 1377 compositae,
1399 1295 1448 1357 hoc

289 1415 348 1480 est,
367 1423 447 1486 quae
468 1409 593 1462 constat
614 1419 654 1462 ex
677 1399 906 1481 compositione
925 1399 1100 1463 literarum.
1134 1399 1273 1462 Minima
1288 1409 1341 1462 est
1356 1410 1449 1462 eutem

290 1517 447 1591 quantum
476 1505 516 1566 ad
545 1513 646 1566 totam
667 1503 982 1586 comprehensionem
1004 1504 1089 1570 vocis
1110 1502 1288 1581 literatae,¹
1316 1505 1360 1567 ad
1380 1504 1451 1567 hane

289 1613 374 1677 enim
394 1609 491 1673 etiam
511 1609 683 1692 productae
704 1609 827 1672 vocales
850 1607 1054 1672 brevissimae
1076 1619 1181 1692 partes
1204 1608 1416 1673 inveniuntur
1422 1603 1449 1684 3²

289 1718 339 1782 vel
361 1715 446 1799 quod
466 1713 611 1776 omnium
632 1723 680 1776 est
698 1711 922 1778 brevissimum
944 1735 1065 1790 eorum,
1084 1735 1165 1796 quae
1187 1713 1289 1776 dividi
1313 1723 1448 1797 possunt,

289 1825 323 1886 id
343 1821 429 1904 quod
449 1817 549 1882 dividi
568 1839 634 1880 non
655 1827 771 1900 potest.
811 1819 986 1882 Possumus
1007 1829 1039 1881 et
1060 1818 1105 1881 sic
1125 1818 1277 1881 definire:
1302 1819 1397 1882 litera
1414 1827 1451 1880 est

287 1914 362 2004 ¹von,
381 1945 463 2008 quae
483 1922 578 1986 scribi
600 1931 704 2006 potest
718 1921 896 1986 individua.
928 1922 1056 1985 Dicitur
1070 1933 1177 1986 autem
1192 1923 1291 1986 litera
1307 1925 1362 1988 vel
1376 1921 1452 2008 qnas'

289 2032 431 2116 legitera,
450 2029 535 2112 quod
557 2027 684 2110 legendi
706 2027 766 2090 iter
786 2029 945 2112 praebeat,
963 2027 1013 2090 vel
1029 2049 1047 2090 a
1061 2023 1203 2106 lituris,⁸
1217 2041 1256 2092 ut
1271 2029 1451 2112 quibusdam

290 2138 406 2222 placet,
420 2134 505 2218 quod
518 2133 705 2215 plerumque
717 2131 843 2216 antiqui
854 2131 888 2196 in
900 2132 1013 2196 ceratis
1026 2133 1143 2197 tabulis
1154 2133 1292 2198 scribere
1306 2135 1450 2198 solebant

293 2241 415 2304 Literas
437 2248 545 2302 autem
566 2235 663 2299 etiem
686 2238 916 2300 elementorum
938 2238 1093 2301 vocabulo
1114 2235 1407 2322 nuncupaverunt⁸
1420 2235 1451 2296 ad

289 2343 535 2409 similitudinem
555 2341 669 2404 mundi
690 2339 956 2405 elementorum.⁸
993 2341 1084 2406 Sicut
1105 2343 1192 2406 enim
1214 2343 1274 2405 illa
1296 2337 1453 2406 coeuntia⁸

292 2447 406 2514 omne⁷
428 2447 599 2532 perficiunt
621 2467 745 2530 corpus,
764 2447 808 2510 sic
831 2447 927 2510 etiam
950 2446 1010 2510 hae
1031 2447 1221 2532 conjunctae
1237 2447 1398 2514 literalem
1410 2467 1452 2510 ro
1499 2457 1500 2466 ’

292 2577 372 2632 cern,
390 2553 481 2637 quasi
503 2547 638 2635 corpus⁸
658 2551 797 2634 aliquod,
816 2561 1024 2632 componunt,
1044 2553 1096 2616 vel
1117 2553 1219 2636 magis
1240 2575 1318 2618 vere
1339 2573 1451 2638 corpus.

293 2661 379 2722 Nam
400 2659 427 2722 si
447 2662 499 2720 adr
520 2678 635 2740 corpus
656 2667 714 2731 est,
732 2667 764 2718 et
785 2677 858 2732 vox,
877 2675 959 2737 quae
974 2676 1014 2718 ex
1029 2659 1099 2720 aere
1114 2657 1177 2720 icto
1193 2671 1337 2736 constat,
1355 2677 1454 2740 corpu

293 2785 360 2826 esse
376 2761 572 2836 ostenditur3
596 2761 713 2843 quippe
730 2783 803 2825 cum
818 2771 851 2824 et
866 2757 988 2842 tangit'
1002 2781 1112 2823 eurem
1127 2773 1159 2824 et
1174 2762 1341 2845 tripartito
1355 2761 1453 2826 dividi

294 2879 362 2942 tur,
387 2867 472 2950 quod
494 2876 542 2928 est
564 2885 659 2927 suum
681 2863 831 2950 corporis,
855 2864 916 2927 hoc
937 2875 997 2942 est,
1022 2865 1057 2928 in
1079 2864 1299 2942 altitudinem,
1325 2865 1454 2932 latitudi-

329 3025 354 3032 --
381 3022 503 3030 -—-—-·-

294 3108 364 3178 plur.
381 3112 404 3159 1.
417 3125 459 3177 ps.
473 3123 535 3160 cum
547 3121 625 3176 pron.
638 3104 752 3158 relativo
764 3103 849 3158 infixo
861 3121 877 3157 a
889 3105 971 3159 verbo
984 3105 1064 3161 obvio
1077 3107 1104 3160 in
1120 3111 1143 3159 1.
1155 3123 1196 3176 ps.
1210 3109 1284 3178 sing.
1301 3108 1331 3160 in
1345 3109 1407 3162 Wb.
1417 3105 1454 3156 p,

295 3191 419 3245 cauetur
436 3190 513 3244 clodia
532 3190 580 3260 (gl.
594 3189 695 3260 gratiss
715 3205 767 3258 ago
785 3187 851 3252 deo;
871 3189 905 3241 el.
919 3189 1012 3260 pulli
1025 3199 1053 3245 et
1065 3191 1098 3245 B.
1113 3191 1151 3262 8).
1170 3191 1270 3256 οὶκίαν,
1286 3209 1342 3246 vox
1360 3187 1456 3244 aliunde

295 3295 351 3330 non
370 3276 489 3346 cognita,
504 3276 539 3328 ad
552 3293 632 3348 quam
645 3273 831 3345 explicandam
844 3273 936 3327 aliems
948 3291 1059 3345 possum
1071 3275 1180 3328 nonnisi
1192 3275 1260 3329 hod.
1274 3275 1383 3330 bibam.
1396 3273 1456 3344 geel.

297 3359 432 3423 hodrcirn,
453 3359 583 3423 liodraaira,
604 3359 700 3422 lacero,
721 3365 841 3421 contero,
862 3375 943 3429 ango.
961 3365 1093 3424 aramma,
1108 3367 1266 3430 supersunt,
1281 3361 1376 3414 hrtura
1393 3365 1456 3413 suat

296 3444 385 3507 nobis,
404 3442 479 3497 verb.
499 3459 586 3512 comp.
606 3444 677 3506 arti,
697 3444 776 3494 arctd
796 3443 833 3512 (p.
849 3443 909 3512 mr)
924 3459 986 3495 cum
1005 3459 1082 3512 pron.
1102 3439 1172 3514 per's.
1196 3446 1219 3495 l.
1233 3461 1307 3513 pers.
1322 3444 1361 3516 pl.
1374 3441 1456 3496 infixo.

297 3525 372 3580 lami
388 3525 495 3579 videtur
511 3527 566 3596 adj.
580 3525 637 3580 ami
647 3527 705 3597 jam
724 3543 806 3596 supro
817 3526 927 3579 obvium
939 3525 1109 3580 substantivo
1121 3527 1316 3598 postpositum,
1333 3537 1365 3582 ut
1376 3525 1457 3597 regula

298 3619 348 3675 est,
363 3611 414 3663 hoo
433 3610 492 3662 loeo
507 3610 683 3680 praemissum
696 3610 731 3663 ob
744 3609 892 3679 emphasin,
906 3617 938 3663 ut
949 3609 1066 3664 videtur.
1074 3611 1201 3679 socbra'ca',
1216 3613 1456 3670 remunerationem

297 3697 368 3765 sing.
381 3693 506 3763 soeiaa'ea
519 3695 557 3766 (p.
572 3695 644 3765 tre).
665 3695 970 3758 mummolenum,
990 3693 1013 3747 si
1032 3695 1175 3765 implemus
1194 3713 1235 3762 ca,
1257 3699 1456 3756 aemulam.

297 3781 504 3834 aomalaammar
516 3779 554 3849 (p.
568 3779 629 3848 446)
644 3795 705 3830 eum
725 3795 802 3850 pron.
817 3795 886 3849 pera.
905 3795 918 3830 a
936 3775 1029 3830 infixo.
1055 3777 1162 3832 Horum
1180 3779 1264 3832 trium
1284 3781 1407 3852 martyr-li
1424 3775 1458 3830 rel

298 3863 486 3934 abnegationis
509 3877 639 3932 generunt
661 3861 753 3915 deficit
770 3869 833 3932 post
850 3861 1008 3934 perticulam
1028 3869 1055 3916 et
1070 3861 1197 3928 tertium,
1218 3869 1248 3915 et
1266 3867 1401 3918 monia
1417 3865 1458 3915 bct

299 3948 441 4006 exordium
453 3947 496 4002 rel
507 3963 569 4018 pm
581 3945 672 4016 eliqua
683 3951 790 3999 tentum
803 3953 900 4000 exstat.

370 4083 429 4154 (ὃς.
444 4081 483 4154 ³⁸)
528 4085 538 4136 l
563 4099 592 4138 .ι.
613 4079 644 4136 Iti
659 4079 783 4137 cotltdet'lc
802 4079 909 4152 imelda
927 4081 1044 4139 emito
1062 4081 1239 4140 &muci-li
1254 4101 1271 4136 a
1287 4083 1366 4138 la'ffl
1404 4087 1458 4136 lu.

298 4165 413 4224 Muto
425 4165 472 4218 lim
484 4183 520 4220 aa
533 4165 612 4220 taras
624 4164 756 4221 ouem

366 4248 596 4302 tualenomnca't
630 4249 1072 4318 4.1.eoaepartardottalamta
1107 4250 1296 4308 siunins
1334 4249 1460 4308 aaut&

298 4332 355 4396 ott
389 4337 402 4386 'l
421 4331 522 4390 imula

365 4420 380 4470 8
400 4433 428 4470 .ι.
442 4434 505 4486 corp
516 4416 576 4472 auin
611 4419 627 4470 9
647 4434 676 4470 .ι.
690 4415 753 4470 cani
763 4417 877 4474 deitlba'r
