3004 5066
267 389 346 451 1036
391 411 576 486 arcannm.
607 413 949 456 senornrnnoomcuu
967 411 1305 456 nrnnan.en1sc.so.
1327 413 1418 456 erce.

262 564 437 625 secundum
454 562 634 645 analogiam
649 563 753 649 perior
767 585 846 626 esse.
873 561 1041 626 Terentius
1060 562 1092 625 in
1112 563 1294 646 supradicta
1306 563 1420 626 fabula:

261 668 330 731 Ho
348 691 402 752 eqo
418 669 540 732 intereo
556 669 658 732 virum
674 669 849 752 opperidor.
883 669 968 732 Nam
984 669 1116 752 reperio,
1135 668 1306 752 comperio,
1327 689 1423 752 coope-

261 773 319 850 rio,
339 774 422 836 sicut
445 774 562 858 aperio,
581 775 684 838 activa
705 787 798 850 sunt3
811 772 837 811 ¹²
859 775 983 838 faciunt
1004 773 1090 837 enim
1114 797 1152 837 ex
1175 797 1208 837 se
1223 775 1361 859 passiva.
1389 775 1424 837 Et

262 891 397 962 possunt
417 880 518 963 magis
542 903 560 943 a
576 882 664 963 perio
679 881 779 944 videri
794 881 980 966 composita,
999 882 1084 964 quod
1099 882 1185 964 apud
1201 877 1425 942 vetustissimos

261 997 392 1066 quartae
415 986 648 1070 conjugationis
668 987 914 1051 declinationem
936 988 1083 1050 habebat.
1118 986 1262 1049 Ennius:
1290 987 1360 1048 Ooo
1373 1005 1424 1066 po·

261 1091 327 1153 rire
344 1091 421 1154 solet
433 1113 533 1175 penos
542 1095 660 1174 pennis
676 1095 925 1158 condecoratam.
960 1094 1054 1158 Facio
1070 1115 1144 1157 cum
1159 1093 1202 1156 sit
1216 1103 1380 1166 neutrum,
1396 1103 1426 1151 ut
1498 1167 1499 1170 Ἴ

261 1219 356 1280 supra
386 1197 542 1275 diximus,
572 1200 599 1262 si
627 1221 699 1262 oum
725 1201 958 1284 praepositione
984 1211 1213 1284 componatur,
1246 1197 1425 1280 plerumque

263 1303 375 1366 transit
397 1304 432 1366 in
454 1305 604 1382 activum,
624 1318 661 1368 ut
683 1307 815 1368 conficio
831 1306 992 1382 conficior,
1010 1306 1138 1390 perficio
1154 1303 1314 1388 perficior,
1335 1302 1425 1366 afficio

260 1409 390 1484 afficior,
415 1409 521 1472 reficio
542 1411 675 1488 reficior,
694 1411 798 1474 officio
819 1411 950 1475 officior.
983 1411 1151 1474 luvenalis
1171 1410 1205 1472 in
1230 1411 1265 1472 l:
1293 1411 1344 1472 Et
1363 1429 1426 1492 quo

262 1513 341 1577 tiens
361 1524 399 1592 te,
418 1517 536 1592 Romo,
556 1525 607 1579 too
623 1517 716 1601 refici
722 1527 949 1600 properantem
964 1519 1075 1582 reddet
1089 1516 1229 1602 Aquino.
1266 1513 1426 1578 Lucretius

260 1620 294 1682 in
311 1621 365 1682 11:
396 1623 596 1704 Quapropter
616 1624 715 1686 simol
734 1624 817 1686 inter
837 1645 871 1687 se
893 1623 1102 1688 retrahuntur
1117 1632 1148 1686 et
1161 1631 1265 1698 extro,
1284 1622 1426 1706 officim

261 1735 323 1803 tar,
342 1727 392 1790 oti
405 1737 557 1812 cogentur
574 1731 698 1792 tordius
713 1729 773 1792 ire.
806 1732 835 1793 A
851 1729 980 1814 proficio
997 1729 1118 1793 Statius
1134 1729 1353 1811 impersonale
1367 1747 1427 1810 pro

261 1832 336 1895 tulit
358 1833 393 1896 in
416 1835 470 1897 ΙΙΙ
481 1857 488 1896 :
520 1836 697 1920 Prmfce'tor
717 1837 806 1899 defle.
844 1835 967 1898 Defieio
990 1847 1099 1898 autem
1120 1835 1190 1896 loc-o
1211 1834 1336 1916 passivi
1356 1833 1427 1896 defio

260 1935 379 2001 facit.¹³
408 1941 577 2005 Terentius
592 1942 626 2003 in
644 1943 820 2006 Eunucho:
853 1941 953 2006 Nihil
965 1963 1035 2006 eom
1051 1949 1107 2016 est,
1126 1939 1213 2002 nihil
1224 1939 1319 2022 defit.
1353 1940 1426 2002 Cum

259 2045 418 2129 passivam
434 2047 499 2109 vim
515 2047 625 2123 habet,
643 2050 725 2111 defio
740 2049 827 2112 facit.
855 2049 940 2111 Sunt
955 2059 1061 2111 tamen
1077 2047 1139 2109 alia
1155 2067 1196 2108 ex
1211 2067 1250 2108 eo
1265 2045 1340 2129 ipso
1354 2058 1426 2107 etex

259 2149 329 2213 aliis
346 2154 530 2235 composita,
542 2175 623 2236 quae
635 2175 700 2216 non
710 2155 814 2217 solum
823 2153 1099 2238 significationem,
1111 2154 1166 2215 sed
1175 2151 1274 2214 etiam
1283 2151 1427 2235 conjuga·

259 2256 389 2334 tionem,
408 2269 445 2321 ut
460 2259 582 2322 dietum
597 2271 657 2336 est,
675 2271 870 2343 permutant,
885 2269 923 2323 ut
937 2259 1017 2323 facio
1033 2258 1121 2335 facis,
1135 2257 1302 2342 gratificor
1316 2257 1425 2341 gratifi-

258 2364 349 2427 caris.
377 2366 546 2428 Terentius
562 2366 596 2428 in
612 2367 995 2430 Heautontimorumeno:
1018 2365 1082 2429 eoi
1095 2387 1149 2448 epo
1162 2363 1349 2448 gratificor,
1365 2363 1427 2445 :pso

259 2491 293 2532 re
304 2471 492 2553 eeperibere.
516 2471 670 2536 Similiter
681 2471 837 2536 ludificor.
859 2475 950 2536 Idem
962 2472 996 2534 in
1006 2469 1181 2544 Eunucho:
1202 2471 1292 2540 Quin
1306 2471 1427 2552 insuper

257 2576 368 2653 coeloe,
380 2587 550 2661 postquam
567 2579 751 2663 ludificatus
766 2589 813 2643 eet
825 2579 989 2664 virginem.
1014 2574 1251 2641 Excarnifico¹⁴
1267 2597 1344 2639 vero
1358 2573 1426 2638 acti-

258 2703 334 2744 vum
356 2695 415 2760 cst,
434 2695 471 2747 ut
493 2685 652 2768 amplifico
673 2699 706 2750 et
727 2687 862 2749 velifico.
895 2683 1065 2748 Terentius
1088 2684 1121 2745 in
1141 2683 1425 2745 Heautontimoru-

257 2809 368 2852 meno:
404 2791 467 2853 Ube'
494 2813 543 2852 me
569 2791 784 2875 concarnifices.
824 2793 844 2854 J
848 2789 990 2853 uvenalis
1014 2789 1047 2852 in
1071 2799 1200 2872 quarto:
1239 2789 1425 2872 Velr'flootm

257 2893 371 2970 Athos,
387 2903 418 2958 et
431 2897 584 2980 quioquid
598 2897 736 2962 Graecia
751 2899 888 2960 mendox
904 2897 1001 2958 audet
1015 2895 1206 2970 indistorta,
1221 2895 1350 2977 passive
1361 2913 1426 2977 pro

258 2985 343 3064 tulit.
371 3001 544 3066 Sciendum
560 3015 678 3079 tamen,
693 3003 777 3086 quod
793 3017 825 3066 et
839 3003 920 3066 facio
935 3013 967 3065 et
980 3001 1088 3076 facior,
1103 3011 1140 3062 ut
1151 2999 1365 3074 ostendimus,
1380 3021 1425 3060 ve

257 3106 425 3170 tustissimi
439 3109 650 3192 proferebant.
684 3109 719 3172 si
741 3131 815 3172 vero
837 3109 918 3172 facio
936 3108 986 3171 vel
1001 3109 1044 3170 fio
1058 3105 1192 3190 integris
1207 3106 1423 3178 manentibus,

256 3211 344 3276 aliud
358 3215 490 3278 verbum
506 3214 671 3278 infinitum
687 3225 761 3278 ante
776 3235 813 3277 ea
828 3225 1048 3298 componatur,
1065 3233 1131 3276 non
1147 3211 1253 3274 solum
1270 3211 1424 3296 significa·

257 3318 359 3382 tiones
375 3330 407 3381 et
422 3320 661 3404 conjugationes
677 3321 817 3403 integras
831 3319 876 3383 eis
892 3339 1064 3395 servamus,
1079 3319 1134 3381 sed
1149 3317 1248 3380 etiam
1263 3329 1421 3388 accentus,

256 3437 292 3488 ut
306 3426 455 3489 calefacio
470 3425 615 3489 calefacis
631 3427 785 3503 calefacit,
804 3426 955 3510 tepefacio
971 3424 1121 3508 tepefacis
1137 3423 1300 3506 tepefacit.
1328 3423 1363 3485 Io
1380 3441 1424 3482 se·

254 3533 461 3622 cunda'enim
476 3546 508 3596 et
529 3532 621 3596 tertia
642 3555 777 3616 persona
796 3531 990 3617 penultimas
1006 3531 1162 3606 acuimus,
1181 3529 1330 3612 quamvis
1351 3537 1425 3589 sunt

254 3639 375 3702 breves.
396 3639 551 3702 Similiter
561 3639 671 3704 calefio
683 3639 789 3702 colafis
801 3639 917 3714 calefit,
930 3639 1045 3720 tepefio
1058 3637 1168 3720 tepefio
1181 3636 1305 3718 tepefit,
1318 3632 1424 3697 finales

254 3759 381 3809 servant
395 3755 544 3810 accentus
560 3745 593 3808 in
610 3747 750 3808 secunda
765 3755 797 3807 et
813 3745 906 3808 tertia
920 3763 1065 3828 persona,
1081 3763 1159 3825 quos
1173 3741 1297 3804 habent
1308 3739 1341 3803 in
1351 3739 1423 3801 sim·

253 3852 400 3935 plicibus.
433 3853 463 3915 A
484 3863 571 3914 verto
594 3871 720 3934 quoque
738 3849 847 3915 'activo
862 3861 985 3914 reverto
1000 3861 1032 3912 et
1046 3859 1195 3923 revertor,
1213 3858 1378 3932 praevorto
1392 3855 1424 3906 et

255 4045 460 4053 ——.-..--.

253 4193 300 4228 cor
311 4175 419 4228 enatem
433 4173 571 4228 indication
585 4179 598 4225 ῖ
613 4177 643 4227 nt
653 4174 757 4227 oireeor
768 4171 896 4225 tonum
910 4189 932 4224 r.
947 4171 1053 4224 torno.
1092 4173 1123 4223 te
1145 4168 1201 4238 (Pr.
1213 4169 1275 4240 Sg.)
1289 4187 1340 4222 om.
1352 4171 1420 4218 esdr·

254 4259 351 4313 triam.
363 4263 457 4329 patrna
469 4259 558 4330 operio

324 4348 353 4397 13
375 4345 430 4414 (Pr.
446 4347 493 4416 Sg.
511 4346 581 4416 tta«)
596 4345 624 4397 in
643 4343 721 4398 eod:
741 4343 842 4398 difficio
857 4351 947 4396 autem
961 4343 1020 4396 loco
1033 4343 1133 4414 passivi
1146 4341 1243 4396 deficio
1255 4339 1318 4394 facit
1331 4355 1356 4390 .r.
1369 4335 1416 4386 ὺι.

253 4429 330 4482 aeder
348 4430 391 4482 te
409 4431 500 4484 orbor
518 4430 589 4482 odiel
600 4429 668 4482 eder.
683 4429 771 4482 oafndt
786 4428 918 4500 osditflcfo
930 4429 1035 4498 qreondo
1046 4447 1095 4498 pro
1108 4427 1201 4481 or'noor
1213 4425 1337 4496 emption
1349 4427 1377 4472 tt
1389 4419 1417 4470 ν’·

253 4519 315 4568 onte
327 4515 447 4568 ostendit.
488 4519 515 4566 tl
538 4515 592 4585 (Pr.
609 4515 664 4582 Cr.)
681 4533 708 4568 .1.
716 4515 841 4584 senecio:
