3082 5070
207 422 388 464 aaronem.
417 421 559 466 enossnn
573 417 762 463 canonican
778 417 1098 462 nnxannunonnsas.
1153 393 1236 456 1099

85 571 223 656 inogone
237 571 392 635 marimo.
418 582 538 654 strages
554 569 657 632 oiroo.
682 589 800 631 nevum
813 567 887 632 lion.
913 589 949 631 ao
961 567 1077 630 libosas
1090 563 1234 628 milinon.

86 677 214 740 tornatili
227 700 311 740 oron.
336 691 483 740 tonsuras
493 675 674 760 puiltt'otou.
693 695 798 738 comas
810 695 931 757 mopou.
951 684 982 736 et
994 671 1087 756 spisis
1099 693 1132 734 o.
1146 718 1152 732 .
1167 718 1174 731 .
1182 691 1237 752 pe·

85 783 179 847 tioioo.
198 783 285 867 jubis
302 784 444 846 obkaou.
469 781 687 846 stemioamina
702 789 851 844 comtoou.
876 779 997 863 priscae
1011 778 1103 842 ontio.
1129 775 1238 860 tignae

84 887 205 970 capriou.
244 900 350 952 scratn
372 888 572 972 oqra'manou.
612 895 735 950 turmae
756 887 872 949 treboo.
908 883 1110 950 munirirenta
1131 871 1247 946 ooioo.'

83 993 203 1056 concitis
219 994 362 1057 baenr'on.
383 1004 562 1078 praecentor
576 991 683 1056 iolent.
700 991 894 1075 phalangem
910 991 1014 1054 hodia.
1034 989 1132 1054 cianti
1148 1011 1238 1052 aare·

83 1121 137 1164 cer.
170 1111 201 1162 et
224 1101 350 1164 ossilem
373 1099 531 1164 oaorunol.
566 1097 678 1162 seriem
693 1097 770 1162 nim.
805 1098 975 1162 factionem
991 1097 1081 1181 drop.
1117 1095 1237 1160 emolu·

82 1205 172 1268 menti
187 1205 295 1268 ooa'mo.
325 1205 457 1288 collegia
472 1205 670 1270 cuntelletoo.
701 1204 840 1268 lustrant
855 1225 979 1268 orooro.
1010 1203 1168 1288 profundo
1184 1203 1237 1264 do·

79 1333 274 1395 puorennam.
298 1333 353 1396 per
365 1311 436 1375 avie
449 1309 626 1374 tidoa'ln'nto.
651 1319 683 1372 et
695 1309 800 1393 agrica
813 1309 949 1376 tz'rolt'ou.
974 1308 1132 1394 depromis
1145 1309 1239 1372 douo·

82 1521 205 1590 mnplion,
227 1521 341 1576 fortasse
358 1515 493 1584 atonole'on,
508 1526 540 1572 ut
556 1536 639 1590 oupre
655 1518 753 1588 rt‘plton
771 1536 819 1592 pro
837 1519 942 1586 motion,
956 1538 971 1574 e
990 1539 1043 1574 aon
1054 1518 1193 1590 (aliquid),
1208 1525 1240 1572 ut

82 1607 112 1660 rit
124 1607 194 1675 picti
209 1605 401 1660 conserendum
423 1622 484 1658 curn
503 1605 603 1658 oambr.
624 1604 688 1657 hod.
704 1606 771 1676 petie
791 1605 852 1676 (res,
867 1605 1002 1676 aliquid)i
1031 1604 1155 1668 ostoitora
1176 1621 1239 1656 eon·

82 1689 161 1756 lictis,
174 1692 192 1744 i.
207 1709 232 1745 e.
246 1691 396 1754 oonfliotue,
411 1690 482 1761 plur.
496 1690 583 1744 subet.
597 1689 685 1754 aetoo't,
701 1689 813 1743 derivet.
829 1691 856 1744 in
869 1691 927 1758 -ot't,
942 1696 1009 1761 ·wyt
1022 1691 1060 1762 (p.
1075 1689 1147 1760 810),
1162 1687 1239 1758 eujua

81 1779 149 1830 radix
165 1784 208 1830 ort
221 1779 267 1848 (an
281 1777 427 1847 legendum
439 1776 513 1847 eati)
528 1775 604 1829 deest
616 1775 644 1828 in
656 1775 788 1828 hodierna
799 1775 902 1844 lingua.
923 1778 1051 1842 enarr'ma,
1067 1776 1095 1829 in
1107 1792 1203 1845 agone,
1219 1773 1237 1827 i.

81 1879 102 1915 e.
114 1881 143 1916 eo
160 1863 255 1927 airma,
270 1863 299 1915 in
317 1862 377 1915 loeo
395 1879 514 1932 pugnae.
539 1859 624 1924 oa’rou,
646 1861 717 1930 plur.
731 1860 817 1913 rubet.
836 1861 887 1926 air,
902 1879 957 1914 ner.
983 1861 1046 1926 lion,
1069 1878 1167 1915 nevum
1180 1859 1198 1912 i.
1213 1877 1237 1912 e.

81 1965 180 2014 naevus,
199 1947 301 2004 reotiua
321 1947 369 2012 liu,
383 1947 448 2000 hod.
463 1946 562 2000 oombr.
577 1945 641 2010 llr'ao,
656 1961 717 1997 curn
734 1944 781 1998 rix
799 1947 944 2000 statuendo
961 1943 997 2000 rit
1013 1947 1100 2000 forma
1116 1945 1238 2017 pluralis.

82 2032 189 2097 aionon
210 2032 322 2096 liboeaa,
340 2031 360 2085 i.
374 2049 398 2084 e.
413 2029 501 2096 livoai,
521 2031 599 2084 lividi
616 2031 659 2083 vel
677 2031 769 2100 potino
787 2031 858 2096 flavi,
878 2031 942 2085 hod.
957 2031 1097 2100 melpnyon
1113 2032 1150 2102 (p.
1165 2031 1238 2102 294).

81 2135 144 2182 oron,
156 2135 236 2189 supra
248 2117 366 2172 oronion
384 2115 536 2186 mollimen,
551 2123 687 2180 tonrurae,
699 2115 868 2170 referendum
882 2117 998 2180 videtur,
1010 2135 1071 2172 oum
1082 2116 1118 2171 rit
1130 2116 1240 2187 quidem

81 2203 138 2258 hod.
147 2203 291 2272 pwellto'ad,
301 2204 348 2256 aed
361 2201 514 2272 aignilioano
527 2207 737 2265 atramentum,e
748 2201 847 2270 ywellt,
857 2209 983 2267 stramen,
993 2203 1028 2256 ad
1040 2203 1126 2256 nubat.
1136 2201 1239 2272 pacollt,

82 2289 193 2359 oopllluo,
205 2288 345 2344 caesaries.
364 2305 467 2356 mopou,
479 2303 579 2350 comae,
592 2285 692 2338 rectius
709 2303 831 2356 monpmo,
844 2287 909 2341 hod.
920 2289 990 2358 ring.
1004 2305 1100 2357 mwnp,
1111 2287 1188 2358 juba,
1201 2286 1241 2339 hi·

81 2372 149 2428 bern.
162 2383 215 2428 ret.
238 2391 317 2444 monp
333 2373 381 2444 (gl.
396 2373 490 2443 cirrus)
507 2373 553 2442 Sg.
571 2373 640 2424 159¹.
660 2370 705 2424 Pr.
726 2372 770 2425 Cr.
784 2373 840 2426 63¹³.
860 2391 894 2426 o.
911 2411 918 2426 .
934 2413 940 2425 .
956 2373 1083 2442 peninon,
1098 2371 1185 2443 spissi,
1200 2387 1242 2424 re·

81 2457 239 2514 ttituantlum
258 2459 366 2513 videtur
382 2457 544 2528 elopeta'oioa,
560 2457 654 2527 partio.
668 2463 754 2527 praet.
774 2473 874 2527 paone
893 2459 967 2511 verb.
981 2458 1045 2512 hod.
1060 2457 1180 2527 olapiaao,
1196 2457 1241 2510 tle·

81 2561 146 2600 nom.
163 2563 180 2599 e
197 2545 267 2614 clap,
288 2545 384 2614 ehorp,
404 2561 499 2606 muna,
519 2541 626 2612 globus,
647 2541 742 2596 molen.
768 2542 888 2606 obleaoa,
899 2543 992 2613 jubae,
1008 2560 1024 2595 a
1043 2541 1239 2612 bleu(p.127)‚

80 2625 184 2684 lortaere
202 2649 220 2684 a
239 2629 341 2693 blenau,
356 2646 416 2682 oum
437 2629 532 2698 partio.
547 2647 564 2681 a
576 2627 737 2699 copulativa,
753 2633 785 2680 ut
801 2645 864 2680 mox
878 2635 940 2681 ante
956 2627 1039 2682 latine
1051 2646 1082 2681 oo
1096 2629 1200 2691 liboaao,
1215 2633 1243 2680 et

80 2713 159 2794 «poe
179 2720 307 2779 comtoou,
321 2731 440 2786 compos.
454 2714 536 2785 plur,
551 2714 627 2784 cujus
644 2714 722 2767 radix
735 2713 832 2766 melius
844 2713 879 2765 ad
891 2713 978 2766 sabat.
994 2718 1029 2777 to,
1044 2715 1129 2785 eopia,
1145 2729 1241 2784 agmen

81 2801 115 2868 (p.
131 2801 197 2870 too),
218 2799 313 2853 referri
330 2800 439 2869 poterit,
460 2817 540 2869 quam
560 2799 595 2852 ed
614 2816 696 2869 supra
713 2799 823 2852 obvium
842 2799 1030 2855 lenter-trotio:
1051 2799 1098 2852 sed
1116 2798 1183 2869 quid
1202 2797 1242 2850 in-

80 2884 181 2940 oolitum
199 2884 403 2938 aterm'oomiao?
425 2883 503 2948 ontio,
525 2883 638 2953 priscus,
659 2890 853 2937 traneaumtum
873 2883 921 2938 lat.
942 2884 1083 2954 oat'quuor
1104 2884 1138 2936 of.
1161 2883 1242 2936 etiam

81 2985 157 3037 germ.
169 2979 223 3024 ret.
233 2969 330 3035 entello,
340 2969 477 3039 antiquus,
490 2967 572 3022 Graii.
589 2971 612 3034 l,
622 2972 682 3022 ³85.
701 2969 810 3038 cipriano,
822 2968 903 3039 plur,
914 2969 1015 3038 tignae,
1027 2987 1092 3023 num
1103 2987 1153 3039 pro
1165 2969 1243 3038 tigna

80 3069 109 3106 an
125 3071 171 3126 pro
189 3057 299 3110 tineae?
323 3055 464 3108 Hodierna
480 3053 575 3123 lingua
593 3053 662 3106 nihil
680 3054 746 3107 certi
764 3053 850 3108 offert.
877 3055 1043 3124 aqrimanou,
1059 3071 1111 3108 vox
1132 3054 1243 3108 aliunde

80 3155 129 3192 non
147 3141 272 3212 oognita3
291 3145 391 3204 teratu,
411 3157 477 3194 num
497 3155 582 3210 germ.
602 3145 656 3191 ret.
677 3145 786 3192 ειν-σωκ
800 3139 849 3209 (gl.
863 3139 973 3210 pilori)i
999 3140 1076 3199 Quae
1096 3157 1149 3194 vox
1161 3139 1242 3192 etiam

80 3223 226 3282 intloricio
245 3226 367 3280 dialectis
384 3225 491 3280 obtinet
504 3223 550 3293 (ol.
564 3222 678 3277 Grimm.
693 3223 811 3294 Mythol.
826 3243 848 3278 e.
862 3225 912 3295 n).
939 3225 1037 3288 nabau,
1052 3223 1136 3287 carbo,
1151 3223 1239 3293 plur.;

80 3309 218 3368 hodiernae
230 3311 332 3366 formae
345 3313 407 3380 tres,
419 3329 473 3364 ooo.
493 3309 613 3373 bueaion,
624 3308 653 3362 in
666 3309 717 3360 hoo
729 3308 790 3361 loeo
802 3310 830 3362 in
844 3309 936 3364 codiee
948 3309 1015 3363 miro
1027 3307 1137 3362 bumiou
1151 3325 1211 3362 cum
1223 3325 1242 3360 a

80 3397 263 3467 suprascripta,
270 3397 327 3468 jam
340 3413 421 3467 supro
432 3397 534 3450 aderat.
553 3394 643 3460 ioleat,
657 3401 814 3463 precentur,
829 3395 951 3465 imperat.
962 3395 1044 3448 etiam
1057 3394 1138 3448 hodie
1149 3394 1240 3458 talant,

79 3497 158 3549 praee.
177 3483 264 3553 iolynt
282 3499 298 3536 a
315 3482 389 3536 verb.
409 3481 459 3546 iot,
479 3479 631 3551 implorare.
662 3477 754 3543 todia,
775 3497 857 3550 supra
875 3480 946 3550 plur.
968 3479 1098 3534 bodiniou.
1124 3497 1241 3543 oareoar,

79 3565 163 3632 cianti,
178 3577 206 3622 et
220 3583 285 3622 mox
303 3567 374 3620 inire
390 3583 506 3636 aequent
523 3583 624 3630 mero,
639 3564 764 3629 lustrant,
779 3566 821 3618 vel
840 3567 931 3635 potius
950 3567 1074 3621 leotranti
1089 3565 1154 3637 (non
1167 3565 1244 3618 edent

79 3651 159 3706 forma
169 3654 265 3707 tertiae
278 3667 408 3721 personae
419 3649 533 3721 pluralia
544 3650 572 3704 in
586 3649 667 3703 verbo
681 3650 835 3722 cambriae),
847 3669 931 3706 unum
944 3661 972 3708 et
980 3653 1052 3707 idem
1062 3651 1178 3715 videtur,
1190 3651 1244 3702 ior·

78 3744 143 3792 tarto
160 3737 345 3808 negligentius
357 3735 488 3805 roriptum
500 3753 549 3805 pro
561 3734 670 3788 aroerolt
681 3734 724 3787 rel
736 3753 753 3786 o
765 3738 882 3801 oroorolo,
897 3739 943 3808 qui
955 3738 1050 3792 lantrat
1062 3739 1081 3791 i.
1096 3737 1241 3799 e.·invitat,

79 3821 128 3876 oiet
140 3825 250 3894 (cambe.
264 3823 371 3892 oyreltm
387 3821 498 3876 verbum
510 3819 779 3891 frequentissimum).
798 3823 930 3886 naor-onol,
941 3824 1042 3877 rectius
1054 3821 1186 3884 aocrcrnol,
1201 3839 1243 3872 aa·

79 3910 194 3972 moal,
209 3909 245 3962 ad
263 3925 294 3962 or
311 3907 457 3978 pertinens,
472 3923 489 3957 a
500 3905 586 3960 nubet.
601 3922 706 3958 areum.
732 3905 796 3970 m'm,
811 3907 875 3959 hod.
890 3908 972 3976 affet
983 3908 1055 3976 aiter
1068 3907 1133 3976 (vet.
1146 3905 1241 3969 almer,

22 4009 26 4016 ’
78 4007 103 4062 p.
118 3997 174 4047 129.
188 3994 261 4064 239),
282 4009 419 4056 numerus,
440 3989 527 4060 copia.
551 3991 625 4059 drop,
646 3990 738 4054 seatio,
757 3997 828 4044 certe
847 4009 902 4044 non
921 3991 1011 4044 differt
1028 4009 1044 4045 a
1061 4009 1143 4062 supra
1162 3991 1243 4046 obvio

79 4075 166 4147 dropm
181 4087 284 4143 coetus,
299 4097 360 4134 oum
379 4078 459 4132 etiam
479 4076 584 4130 hibern.
598 4075 682 4147 dronp
700 4095 755 4130 non
768 4077 856 4130 solum
875 4083 992 4140 oootum,
1007 4077 1054 4130 sed
1067 4077 1147 4130 etiam
1160 4077 1242 4147 parti-

78 4161 183 4227 tionem,
199 4163 359 4218 divinionem
378 4161 528 4233 aignifloet;
549 4161 583 4216 ol.
598 4179 658 4230 moy
671 4179 719 4232 pro
731 4179 819 4231 mono.
845 4162 935 4227 ooa'mo,
950 4180 999 4232 pro
1011 4162 1112 4215 ooimoo
1127 4161 1168 4231 (ut
1180 4177 1243 4213 mox

78 4246 212 4319 doilinto),
223 4247 412 4312 emolumenta,
422 4247 440 4299 i.
450 4265 474 4300 e.
487 4247 664 4317 operationes,
675 4247 855 4310 difficultates,
865 4247 899 4300 ab
909 4247 1026 4312 emoliri3
1041 4265 1096 4300 non
1107 4247 1243 4300 diversum

79 4330 182 4386 ridetur
202 4332 268 4386 hod.
281 4333 378 4401 elops,
393 4333 473 4396 ectio,
487 4333 580 4396 motio,
596 4333 618 4386 ai
631 4333 769 4386 confertur
781 4349 862 4402 supra
874 4332 983 4385 obvium
997 4331 1182 4385 counanlola'on
1195 4347 1244 4400 pro

79 4415 139 4472 hod.
153 4417 338 4472 ehwoattolo'oa.
357 4417 552 4486 ‹loquoreonom
566 4417 604 4487 (p.
618 4419 678 4470 loe.
694 4418 766 4488 879).
794 4417 942 4482 tidoilmto,
956 4435 1003 4488 per
1015 4417 1090 4483 avia3
1105 4417 1244 4490 postulan-

79 4501 140 4558 dum
152 4511 194 4558 eat
205 4503 235 4558 di
245 4502 391 4568 doilt'atom
405 4503 449 4556 vel
462 4504 507 4568 ἐπ’,
521 4503 574 4558 troi
584 4503 723 4556 dolintaoo
736 4504 775 4574 (p.
787 4503 859 4574 866).
881 4503 996 4570 thohou,
1011 4503 1102 4558 minuo
1115 4505 1182 4558 bene
1195 4523 1244 4575 pro
