3056 5048
202 433 257 495 lv.
277 435 306 491 2.
346 442 626 492 ennnrosrnronns
642 442 852 488 manumetis
866 443 935 487 cun
951 441 1060 485 nocuo.
1153 421 1214 482 613

145 599 244 675 TAR,
266 598 368 662 rarius
390 597 502 673 DAR,
520 605 594 659 ante
615 593 785 657 articulum
805 591 931 668 TARS,
951 589 1215 674 significationem

76 705 203 790 primitus
217 704 302 766 haud
317 701 413 766 dubie
428 701 541 764 habuit
555 701 611 762 lat.
628 708 727 774 noos,
743 719 839 796 quam
853 697 958 760 adhuc
970 705 1073 760 servat
1084 695 1118 757 in
1130 715 1213 757 com·

76 809 221 892 positione,
235 809 268 871 in
284 831 348 892 qua
362 807 471 870 addita
484 827 515 869 m
530 805 663 868 formam
679 801 826 865 TAIRM
841 801 957 878 iirduit,
973 803 1028 864 sed
1041 821 1131 863 versa
1141 799 1216 862 inde

77 915 118 977 tel
130 914 282 978 debilitata
297 912 395 977 estin
407 913 484 975 alias
496 912 659 995 quasdam,
673 931 702 972 e.
716 929 763 991 gr.
779 908 834 971 lat.
845 929 909 992 per
921 909 969 990 (in
979 905 1212 990 jurejurando),

75 1041 162 1100 super,
172 1041 242 1101 pro.

145 1125 308 1208 Exempla:
340 1131 392 1186 tar
411 1121 499 1186 criel
520 1119 643 1185 icauna
666 1119 723 1204 (gl.
749 1141 805 1204 per
828 1118 1082 1196 translationem,
1105 1141 1213 1204 praep.

75 1229 121 1304 cis,
135 1230 166 1291 in
180 1241 318 1312 tempore
337 1239 370 1292 et
383 1228 418 1291 in
432 1227 503 1291 aliis
518 1227 637 1309 rebus),
656 1225 769 1290 docoid
782 1234 833 1290 tor
846 1225 936 1289 recht
949 1225 1082 1289 noicnid
1094 1225 1217 1289 kinnim

74 1334 121 1416 (31.
137 1335 176 1398 cis
195 1345 328 1398 naturae
349 1335 435 1417 leges
456 1342 493 1395 nt
515 1333 599 1394 ultra
619 1343 769 1408 naturae,
788 1331 888 1395 Prisc.
910 1338 959 1406 11,
980 1338 996 1392 3
1007 1355 1016 1406 ;
1042 1330 1063 1392 i.
1083 1353 1111 1394 a.
1131 1341 1217 1395 trans

75 1441 165 1516 finem,
182 1451 278 1516 trans,
297 1440 383 1502 ultra
397 1439 500 1521 legem
520 1446 663 1512 naturae,
681 1437 840 1520 significat
862 1436 958 1499 etiam
976 1437 1035 1520 cis)
1052 1437 1107 1520 sg.
1127 1435 1214 1500 2171.

74 1552 117 1606 tor
133 1545 189 1608 ioo'b
204 1545 260 1628 (31.
279 1565 338 1629 ρετ
352 1546 481 1607 Jovem:
507 1563 564 1626 per
586 1562 711 1626 quoque
731 1541 766 1604 in
776 1541 985 1626 jurejurando
999 1541 1163 1625 accipitur,
1181 1553 1219 1607 ut

73 1669 119 1731 per
131 1651 248 1732 lovem)
265 1652 323 1733 Sg.
339 1641 424 1710 217⁵.
443 1649 505 1710 dar
520 1647 617 1711 timae
631 1656 714 1711 recto
729 1647 896 1731 dopm'ther
907 1646 1141 1711 iatimmarmus
1157 1647 1214 1731 (31.

73 1775 119 1835 per
131 1757 313 1818 mandatum
326 1753 417 1836 legis,
431 1755 469 1815 fit
484 1773 579 1836 supra
593 1754 724 1816 modum
737 1774 870 1835 peccans
882 1763 1059 1835 peccatum,
1074 1751 1169 1816 Rom.
1187 1761 1216 1832 7,

76 1865 123 1934 13,
143 1861 185 1943 31.
202 1882 274 1922 cum
297 1859 433 1922 scienter
454 1857 646 1939 admittitur)
662 1859 738 1921 Wb.
759 1862 799 1919 3⁶.
826 1857 1030 1920 temerasset
1054 1866 1105 1922 tar
1122 1859 1219 1943 plotae

73 1965 121 2046 (31.
136 1987 257 2048 mappa,
275 1965 322 2047 gl.
339 1963 471 2026 mantile
480 1988 489 2038 ;
508 1962 530 2024 i.
545 1985 573 2026 e.
591 1963 739 2026 manuale
754 1964 839 2046 quod
854 1973 1011 2046 estsuper
1025 1965 1144 2047 genua)
1161 1965 1216 2048 Sg.

76 2075 146 2132 172¹.
170 2071 261 2134 tcmel
281 2069 361 2132 inno
384 2069 430 2131 tol
449 2069 604 2131 domanda
621 2076 672 2130 tar
686 2068 940 2152 roacsoroanme
955 2069 1117 2148 (tenebrae
1132 2069 1220 2153 cupi-

72 2174 193 2238 ditatum
208 2175 446 2239 mundanarum
459 2193 555 2258 super
569 2173 698 2236 oculum
712 2173 836 2236 animae
851 2175 986 2256 vestrae)
1000 2174 1076 2236 Wb.
1093 2179 1155 2237 21¹.
1175 2183 1221 2238 ta-

71 2281 150 2357 τέεεί,
171 2281 281 2344 ᾱανέεί
302 2283 412 2362 (super
431 2279 548 2356 locum,
573 2279 606 2341 in
627 2279 706 2354 loco,
727 2281 811 2362 pro),
830 2279 1128 2354 tamentationem
1151 2280 1221 2364 (pro

18 2371 19 2438 ἶ
72 2385 170 2468 capita,
187 2385 210 2448 i.
228 2408 256 2448 e.
273 2389 348 2470 pro)
363 2385 445 2447 infra
459 2385 542 2448 inter
556 2383 803 2468 praepositiones
819 2384 1007 2446 nominales.

145 2494 227 2554 Ante
248 2489 436 2553 articulum:
466 2489 721 2553 coatuidchiooed
740 2487 809 2551 uita
833 2489 934 2552 tursio
956 2489 1081 2572 oorpsin
1104 2491 1162 2574 (31.
1186 2501 1223 2554 ut

72 2595 261 2658 absorbentem
279 2595 366 2678 qnod
380 2593 512 2658 mortale
525 2603 575 2658 est
589 2617 608 2658 a
622 2594 699 2671 vita,
717 2593 864 2657 volumus
880 2595 1094 2678 supervestiri,
1114 2602 1143 2657 2.
1163 2598 1222 2660 Co·

71 2698 159 2762 rinth.
177 2709 206 2778 5,
225 2704 260 2782 4)
277 2701 355 2762 Wb.
377 2703 438 2761 15⁶2
465 2707 575 2762 torona
596 2701 652 2762 deo
668 2701 725 2782 (31.
743 2693 829 2785 πρὸς
849 2703 910 2762 τοῦ
933 2695 1015 2778 διός,
1032 2701 1115 2764 male
1130 2702 1223 2765 intel-

18 2847 19 2850 *
73 2801 178 2868 lccmm
192 2828 211 2867 a
224 2806 418 2890 glossatore;
436 2803 458 2866 i.
477 2825 505 2866 ε.
523 2825 579 2886 ρετ
593 2805 682 2884 deos)
699 2803 754 2886 Sg.
775 2801 861 2866 217³.

145 2909 394 2994 Praepositionis
409 2929 483 2971 cum
496 2907 738 2992 pronominibus
753 2909 877 2973 suffixis
892 2909 1096 2974 coalescentis
1108 2911 1224 2975 formu-

71 3013 113 3077 lae
132 3017 256 3079 obviae:
283 3023 406 3079 amoc
421 3015 478 3097 (31.
495 3035 551 3096 ρετ
573 3024 621 3076 te:
646 3036 703 3097 per
725 3025 767 3091 te,
784 3037 841 3098 per
863 3015 918 3098 qui
934 3025 965 3078 tc
981 3015 1077 3080 talem
1087 3039 1225 3100 genuere

71 3132 221 3201 parentes,
239 3121 333 3203 Virg.
360 3141 411 3202 ap.
431 3119 531 3182 Prisc.
552 3127 609 3196 14,
629 3123 661 3201 3)
678 3119 734 3202 Sg.
754 3117 840 3183 2172’.
865 3121 909 3183 du
930 3119 1028 3204 cuittp
1051 3121 1153 3185 torcio
1164 3123 1225 3207 fo·

72 3225 177 3290 dee’ssia
198 3227 351 3292 arnirobe
372 3223 450 3288 necle
465 3225 529 3287 tad
542 3223 684 3288 huoealiu
701 3223 894 3288 tarotoiesed
906 3225 964 3308 (gl.
982 3227 1060 3290 deus
1075 3227 1227 3310 quoniam

70 3329 218 3392 neminem
238 3329 354 3392 habuit
368 3351 424 3412 per
438 3351 534 3412 quem
544 3329 677 3412 juraret,
691 3330 812 3414 juravit
827 3331 1132 3416 persemetipsum)
1148 3333 1224 3396 Wb.

72 3430 129 3496 33⁴.
145 3435 266 3498 inba'om
273 3434 347 3520 sris
364 3443 415 3498 tra
430 3435 700 3520 r'arnaroetorpou
715 3435 791 3498 doit
807 3435 944 3498 itoosucll
960 3439 1036 3499 coni
1047 3437 1155 3501 rateto
1164 3437 1231 3502 cett

73 3546 175 3603 inuno
191 3541 250 3624 (gl.
270 3539 441 3623 incipimus
463 3537 579 3601 iterum
599 3551 724 3604 nosmet
744 3541 829 3624 ipsos
845 3543 1064 3604 commendare
1072 3541 1111 3625 l),
1129 3543 1166 3606 ni
1178 3566 1227 3606 re·
1323 3591 1324 3594 η

71 3665 131 3706 oom
145 3645 210 3708 oles
226 3645 356 3708 rolaoo'd
366 3644 433 3708 soil
447 3652 561 3708 muron
576 3645 704 3709 itosse'ch
720 3646 777 3729 (gl.
792 3669 858 3709 non
872 3645 987 3710 iterum
998 3669 1056 3710 nos
1069 3669 1226 3716 commen-

72 3745 173 3811 damus
195 3749 300 3825 vobis,
320 3755 350 3810 2.
368 3741 515 3812 Corinth.
536 3755 565 3826 3,
588 3757 615 3811 1.
636 3757 665 3827 5,
687 3756 739 3835 12)
756 3753 830 3816 Wb.
852 3757 913 3814 15⁸.
937 3749 997 3814 15⁶.
1024 3761 1110 3815 teora
1132 3762 1228 3817 tonna

72 3855 189 3916 omani
202 3855 238 3917 r'n
250 3855 322 3917 bat.
338 3855 414 3934 (tres
426 3853 652 3917 inundationes
664 3879 759 3940 super
770 3879 828 3920 nos
840 3859 875 3920 in
886 3857 1057 3941 baptismo)
1071 3861 1145 3922 Wb.
1162 3865 1225 3924 27⁸.

73 3954 143 4020 Inde
162 3959 380 4043 conjiciendas
401 3969 522 4022 ceterae
542 3960 713 4024 formulae:
740 3970 841 4025 totum
860 3965 930 4048 (ρετ
951 3985 1014 4039 me,
1033 3985 1127 4047 super
1149 3970 1225 4049 me),

72 4069 133 4124 tere
146 4066 257 4148 (super
273 4066 369 4147 eam),
385 4064 490 4128 terail>
506 4068 615 4148 (super
629 4070 710 4148 vos),
727 4075 800 4130 tara
816 4070 924 4150 (super
939 4071 1018 4149 eos).

146 4171 238 4234 CEN
250 4170 361 4254 (sine),
376 4169 520 4234 inficiens
536 4181 703 4254 sequentes
718 4193 872 4236 consonas
889 4185 921 4236 et
935 4173 1106 4257 persistens
1123 4175 1157 4237 in
1170 4176 1230 4238 hac

72 4271 173 4351 forma,
190 4287 285 4338 extra
300 4276 480 4359 analogiam
494 4297 626 4360 praepp.
644 4275 690 4352 ἐτι,
709 4299 776 4352 coo,
791 4299 848 4340 reo
862 4277 966 4360 posita
981 4289 1041 4354 est,
1055 4283 1141 4343 unde
1156 4303 1229 4365 sup·

72 4382 209 4458 ponenda
231 4381 336 4444 forma
357 4379 518 4462 primitiva
536 4381 706 4446 terminata
720 4403 739 4444 a
755 4381 855 4445 vocali
871 4381 990 4463 (forsan
1006 4406 1089 4459 cene,
1108 4385 1176 4449 cine
1189 4419 1233 4440 =

72 4480 123 4544 lat.
138 4483 218 4562 sine,
236 4505 288 4569 gr.
307 4473 410 4565 ἄνευ).
1175 4493 1178 4500 “
