2994 5052
1486 269 1489 350 1

267 323 329 386 661
515 325 575 388 IV.
596 331 626 388 3.
657 345 924 390 conaunmrouns
941 345 1179 390 sardanaium.

350 515 382 556 a.
416 493 566 557 Cambr.
590 493 1167 577 A0,DAM,HEU1T<et,etiam).
1199 498 1252 558 Aa
1275 499 1341 578 (et;
1367 519 1436 580 pro·

265 598 335 683 prie
349 598 410 662 aad
424 630 467 652 =
481 599 606 664 hibern.
624 621 726 675 tto-ua,
746 600 786 662 cf.
804 622 844 692 p.
860 608 930 662 174.
947 606 1020 662 638.
1038 603 1113 682 639)
1129 610 1203 662 ante
1217 601 1356 677 vocales,
1374 623 1436 664 sae·

266 704 340 787 pius
360 703 456 767 etiam
475 715 550 768 ante
565 703 702 786 liquidas
719 708 807 787 (ante
823 728 844 768 a
860 711 1008 788 semper),
1026 706 1157 781 medias,
1175 715 1251 768 ante
1266 727 1347 788 quas
1363 706 1436 769 alias

267 821 316 872 est
330 811 361 872 A
376 809 433 892 (lta
448 810 482 872 in
497 810 723 874 vetustioribus
739 810 911 886 codicibus,
928 833 961 894 p:
983 814 1067 892 139),
1086 821 1124 873 ut
1138 821 1213 874 ante
1230 823 1344 874 tenues
1359 833 1436 895 quae

252 914 459 998 aspirantur.
492 917 648 998 Exempla
668 916 857 980 vetustiora:
884 939 901 978 o
923 915 1037 978 caitoir
1059 916 1120 979 huo
1136 937 1172 978 or
1186 916 1363 980 aelmonou
1379 918 1433 1001 (gl.
1487 921 1488 926 ’

266 1021 352 1102 pube
378 1021 641 1105 inguinibusque)
663 1023 708 1104 gl.
734 1021 839 1086 Oxon.
863 1021 1009 1086 douceint
1034 1021 1117 1084 torth
1143 1021 1187 1084 Ιια
1208 1022 1382 1086 mador-uin
1405 1023 1446 1100 in¹

268 1125 374 1189 iriam
392 1175 399 1188 .
418 1127 461 1192 da
482 1128 608 1192 duceint
628 1128 711 1192 tortlt
733 1127 765 1191 in
788 1127 919 1211 irpaem.
937 1126 1089 1190 labaala.
1107 1127 1151 1190 lta
1167 1127 1314 1190 doueeint
1328 1149 1435 1191 manu-

268 1232 351 1295 deno
367 1233 591 1316 (quadraginta
612 1255 711 1316 panes
733 1244 765 1296 et
785 1253 900 1296 vervex
919 1243 1048 1308 aestate,
1067 1243 1099 1295 et
1113 1233 1325 1316 quadraginta
1335 1255 1434 1317 panes

268 1336 384 1412 hieme,
395 1349 427 1400 et
438 1361 551 1422 porcus
563 1351 595 1402 et
605 1337 906 1422 quadragintardisci
915 1337 1091 1420 butyri;cf.
1101 1361 1134 1420 p.
1145 1343 1232 1419 328),
1243 1339 1433 1402 marmorala.
1487 1375 1488 1378 ¹

269 1445 398 1506 tutared
414 1449 448 1522 -Ι-
466 1444 601 1508 horodes
617 1444 807 1528 eltpudebrie
819 1442 1025 1524 (Marmarch,
1041 1442 1202 1506 Tutnerth
1215 1454 1322 1508 testes.
1339 1455 1372 1507 et
1385 1446 1435 1508 de·

268 1547 317 1610 dit
331 1549 553 1632 Eltguobrius)
569 1552 648 1614 Cod.
667 1549 770 1612 Licbf.
788 1548 824 1612 in
845 1550 983 1632 append.
1001 1549 1074 1610 libr.
1093 1549 1196 1610 Laud.
1214 1571 1247 1631 p.
1267 1555 1343 1612 272.
1362 1557 1433 1614 213.

269 1654 394 1738 bryea'nt
421 1656 543 1740 ecoluys
570 1655 682 1719 Telr'aa
705 1677 727 1728 ,o
747 1655 906 1738 Lanatus
927 1655 1058 1718 orodes
1082 1653 1274 1717 breanltined
1293 1655 1374 1718 hina
1397 1656 1435 1720 ta

270 1757 488 1844 thoupseoqa'oa
511 1783 619 1846 cymap
641 1785 685 1846 yn
707 1759 943 1846 trpoypaydoul
963 1760 1004 1843 dy
1026 1759 1148 1842 ecelaya
1168 1759 1282 1824 Teliau
1303 1761 1365 1824 Irae
1387 1762 1436 1824 dir

269 1865 353 1946 esorp
368 1867 414 1928 oll
423 1866 512 1950 pacati
525 1868 566 1952 as
574 1866 790 1950 (privilegium
801 1863 950 1928 ecelesiae
963 1863 1084 1928 Teliavi
1097 1852 1327 1939 Landnvensis,
1342 1874 1376 1926 et
1386 1865 1436 1928 de·
1487 1917 1488 1920 .

199 1954 200 1958 Ἰ
270 1971 386 2034 derunt
407 1995 495 2055 reges
513 1973 573 2036 hoe
588 1983 621 2035 et
635 1971 793 2055 principes
809 1972 1017 2035 Cambrorum
1033 1969 1066 2031 in
1082 1981 1274 2053 perpetuum
1289 1970 1435 2033 ecclesiae
1487 1989 1488 2052 3

270 2076 392 2138 Teliavi
414 2089 446 2141 et
467 2079 615 2142 omnibus
636 2075 791 2160 episcopis
813 2087 886 2158 post
907 2079 994 2157 eum)
1011 2075 1122 2138 Privil.
1142 2078 1285 2138 Laudav.
1303 2075 1339 2138 in
1360 2075 1436 2138 libro
1487 2095 1489 2124 ὲ

270 2183 412 2244 Landav.
431 2206 463 2266 p.
486 2191 556 2246 113.
579 2206 637 2247 rac
658 2184 791 2247 trannin
814 2206 834 2246 a
856 2204 912 2244 raa
930 2203 1019 2263 paup
1043 2183 1162 2261 (coram
1183 2203 1257 2264 rege
1279 2191 1312 2243 et
1334 2203 1436 2244 eorem
1487 2239 1488 2266 3

270 2288 407 2370 quovis),
423 2291 465 2374 dy
481 2313 569 2372 esoop
586 2289 697 2352 Taliata
712 2289 772 2353 duo
787 2289 829 2373 dp
843 2309 906 2371 pur
921 2287 981 2350 liae
996 2289 1038 2370 dy
1046 2308 1129 2370 quaa
1141 2287 1304 2370 <episeopo
1316 2287 1436 2350 Telluri
1487 2365 1488 2368 Ἴ

270 2405 302 2455 et
316 2393 385 2476 ejus
398 2394 471 2457 viris
483 2407 515 2458 et
526 2396 643 2471 vassis3
661 2417 752 2458 mox:
772 2395 814 2478 dy
826 2414 914 2474 esoop
931 2392 1042 2456 Talion
1053 2393 1096 2456 lta
1109 2395 1151 2477 dy
1161 2414 1223 2477 par
1234 2393 1278 2456 Ιια
1291 2395 1334 2478 dy
1344 2397 1435 2478 qnos)
1487 2377 1488 2436 Ῐ

271 2497 347 2562 ibid.
380 2501 535 2584 Exempla
555 2503 696 2564 eliab:
721 2499 850 2588 Artior
870 2499 975 2582 pdoed
991 2519 1035 2580 yn
1056 2497 1156 2560 eistad
1170 2498 1362 2562 diwarnarat
1374 2523 1435 2585 pap
1487 2509 1488 2512 ’

269 2605 417 2687 pataaell.
436 2629 474 2670 aa
492 2616 570 2692 ypyt
590 2630 629 2671 ae
648 2607 688 2690 es
703 2605 812 2668 owein.
831 2603 985 2686 achynoa.
1003 2603 1103 2666 achei.
1121 2603 1368 2688 upwenhwyuor
1383 2605 1433 2684 (A.

270 2711 399 2774 sedebat
413 2713 584 2795 aliquando
599 2713 633 2776 in
648 2711 795 2774 eubiculo
810 2731 878 2786 sua,
898 2720 929 2773 et
945 2731 1010 2772 una
1025 2731 1099 2772 cum
1114 2731 1151 2771 eo
1167 2709 1207 2771 Ο.
1226 2719 1259 2771 et
1273 2710 1312 2772 O.
1333 2719 1367 2771 et
1381 2709 1436 2788 G.)

274 2823 303 2892 1,
321 2823 349 2878 1.
369 2818 560 2899 apiarii-ar
573 2839 653 2903 puer
666 2817 849 2903 ydeutlaum.
868 2839 906 2879 aa
920 2815 1049 2900 naahas
1056 2837 1077 2900 p
1090 2815 1222 2897 proelum
1238 2815 1300 2878 deu
1315 2835 1382 2876 was
1395 2817 1437 2892 (et

271 2943 379 2986 versus
401 2937 541 2987 castrum
563 2924 648 2987 ibam
669 2935 701 2986 et
720 2921 880 3005 proximos
897 2922 1041 2984 videbam
1057 2922 1136 2982 duos
1151 2922 1281 3002 pueros>
1300 2927 1329 2996 1,
1351 2927 1380 2982 3.
1401 2942 1436 2982 oc

270 3037 389 3112 arpent
414 3033 474 3093 aad
491 3053 512 3116 p
534 3031 632 3093 heard.
658 3029 780 3092 oblinat
801 3029 860 3090 oed
881 3027 996 3090 lieinea
1016 3051 1037 3112 y
1056 3028 1154 3090 bwrd.
1181 3048 1218 3088 oc
1238 3034 1297 3109 ayt
1317 3027 1380 3088 aad
1396 3047 1434 3086 un

272 3132 406 3216 tlestyr.
427 3183 434 3196 .
452 3157 571 3221 nampn
591 3157 647 3198 aar
662 3137 708 3217 (et
730 3144 878 3218 argentea
899 3143 966 3196 erat
986 3155 1106 3208 mensa,
1125 3143 1157 3194 et
1178 3143 1307 3214 tegmen
1322 3141 1388 3194 erat
1401 3129 1436 3192 li·

272 3260 371 3302 neum
385 3263 524 3319 mensae,
543 3253 575 3306 et
590 3263 655 3304 uon
671 3250 738 3304 erat
752 3225 853 3302 unuin
869 3259 924 3302 vas
939 3238 1003 3300 nisi
1017 3241 1163 3320 aureum)
1184 3246 1212 3314 l,
1231 3243 1262 3298 5.

357 3347 441 3410 Cum
473 3346 714 3430 pronominibus
747 3345 932 3428 possessivis
966 3355 999 3406 et
1024 3365 1098 3406 oum
1123 3342 1258 3406 articulo
1284 3341 1433 3426 particulo

267 3448 382 3532 juncta
401 3451 476 3514 fecit
495 3453 612 3516 formas
635 3475 698 3528 am,
716 3452 784 3527 oth,
803 3451 847 3527 ai,
866 3473 914 3526 oe,
932 3471 972 3512 or
992 3461 1071 3512 ete:
1096 3449 1248 3532 bymarob
1267 3469 1320 3510 am
1342 3469 1434 3511 arum

273 3559 286 3636 (
287 3577 387 3639 equus
403 3579 493 3621 meus
509 3569 541 3620 et
555 3569 715 3622 armatura
729 3560 824 3639 mea),
839 3579 877 3640 oy
897 3555 1007 3618 morali
1026 3555 1082 3617 att
1094 3575 1194 3617 arum
1205 3553 1315 3617 ditlreu
1327 3557 1435 3636 (equus

273 3681 363 3724 meus
385 3673 417 3725 et
432 3685 519 3726 arma
535 3667 603 3746 tua)
620 3665 708 3726 Mab.
730 3671 758 3739 1,
775 3668 848 3737 261.
865 3667 894 3738 2,
913 3669 963 3723 16.
988 3660 1134 3724 itutbulc
1149 3660 1207 3722 tat
1220 3661 1322 3723 cenea
1335 3660 1379 3741 (in
1395 3659 1431 3720 T.

274 3777 307 3829 et
332 3768 400 3851 ejus
426 3774 541 3852 genus)
564 3770 643 3833 cod.
674 3769 830 3832 Lichfeld.
860 3767 894 3830 in
921 3768 1057 3850 append.
1087 3765 1161 3827 libri
1184 3765 1288 3828 Land.
1313 3787 1345 3849 p.
1365 3769 1433 3824 271.

275 3874 430 3939 brennhin
450 3875 641 3939 moroanhuo
661 3876 724 3960 day
743 3895 806 3958 pur
828 3873 891 3958 hap
909 3894 991 3956 qaas
1014 3874 1082 3952 (rex
1103 3871 1300 3934 Morcantiae
1320 3885 1351 3934 et
1371 3870 1436 3952 ejus

275 3977 382 4042 viriet
397 3980 465 4063 ejus
481 3981 578 4063 vassi)
592 3981 703 4044 Privil.
719 3981 821 4044 Land.
838 3979 871 4041 in
886 3978 958 4040 libr.
970 3978 1072 4040 Land.
1083 3999 1115 4060 p.
1131 3983 1201 4038 113.
1218 3975 1436 4060 pwendwyuar

274 4105 312 4146 ae
328 4087 566 4172 lluwuorynpon
583 4087 639 4167 (G.
658 4095 690 4148 et
705 4085 773 4167 ejus
789 4085 914 4169 puellae
929 4103 1027 4146 manu
1043 4083 1236 4163 laborantes)
1253 4082 1340 4144 Mab.
1360 4087 1387 4154 1,
1408 4086 1433 4138 1.

257 4187 294 4276 'y
309 4192 424 4274 pedeir
441 4194 594 4277 pwroped
614 4213 652 4256 ar
667 4190 797 4274 tapeint
811 4213 849 4252 ae
864 4188 983 4252 meirch
998 4211 1037 4251 aa
1052 4189 1148 4252 dillut
1162 4187 1292 4270 (viginti
1306 4197 1436 4270 quatuor

276 4297 424 4360 mulieres
450 4307 483 4360 et
507 4297 580 4380 equi
607 4318 716 4362 aarum
742 4299 916 4378 etvestes)
932 4295 1020 4358 Mab.
1043 4301 1071 4372 1,
1091 4301 1128 4356 37
1136 4343 1142 4356 .
1166 4317 1187 4379 y
1212 4295 1294 4378 bwyt
1313 4313 1350 4355 ar
1371 4289 1435 4374 llyn

276 4405 381 4486 (cibus
404 4415 436 4466 et
456 4407 577 4485 potus),
594 4427 615 4488 y
635 4404 699 4487 nef
713 4423 753 4464 ar
772 4404 876 4487 dapar
892 4401 1030 4481 (coelum
1045 4410 1077 4463 et
1094 4401 1188 4482 terra)
1205 4401 1292 4462 Mab.
1315 4407 1339 4474 1,
1358 4404 1387 4457 5.
1406 4401 1434 4456 8.
