2978 5054
320 315 382 379 882
532 317 574 380 V.
593 321 624 378 2.
656 333 854 380 consosrrro
869 333 1075 382 sarrsnnrcs
1091 333 1267 381 nomnen.

318 487 429 550 cada
451 507 513 550 vox
533 505 607 548 cnm
628 503 742 548 armor.
767 486 843 549 iem.
867 494 918 550 tra
941 485 1038 568 (res),
1061 487 1234 570 quaesitam
1267 489 1360 551 Porro
1376 483 1449 550 11111

319 591 522 676 congreditur
543 611 618 654 eum
639 587 847 654 substantivis
867 601 902 654 et
920 591 1084 674 adjectivis
1099 613 1137 656 eo
1151 591 1217 656 fere
1230 590 1334 669 modo,
1349 599 1382 655 vt
1393 591 1448 666 sil,

319 698 382 774 -ls‘t,
400 697 437 760 in·
455 695 639 760 nominibus
661 697 826 760 combricis
846 695 987 760 virorum
1002 699 1049 782 (p.
1069 700 1156 780 793),
1174 717 1235 761 nac
1255 719 1320 762 non
1334 698 1366 761 in
1377 697 1451 761 noni

319 803 415 865 nibus
438 801 546 865 avium
570 801 778 885 quibusdam,
801 801 836 865 in
859 799 976 887 quibus
996 803 1152 888 adjectivo
1172 823 1249 868 moa
1269 806 1401 888 (parvus)
1417 803 1451 866 vel

320 909 382 972 ban
398 907 511 990 (altus)
526 927 593 971 non
615 907 767 972 concedet
787 908 895 972 locum
916 907 1049 991 aliquis:
1073 909 1197 993 {paeon
1212 909 1330 991 (nlrrla)
1344 909 1418 972 ms.
1431 913 1450 984 3,

321 1019 394 1090 214,
414 1013 535 1097 poleas
552 1014 697 1096 (passer),
716 1013 871 1078 milano
887 1015 1006 1097 (parra)
1022 1015 1156 1091 Vocab„
1174 1013 1208 1078 in
1231 1035 1364 1098 quorum
1378 1013 1453 1098 plico

319 1119 388 1182 loco
409 1117 500 1181 facile
522 1117 754 1200 dignoscuntur
774 1120 891 1182 camba.
914 1121 1016 1184 subst.
1035 1121 1103 1184 noll
1115 1120 1310 1203 (spelunca),
1327 1119 1456 1203 adipsal

320 1225 467 1308 (purus),
492 1223 580 1287 berth
599 1223 771 1307 (pulcher).
804 1225 996 1310 Congruunt
1015 1226 1096 1289 benc
1116 1247 1190 1289 cum
1211 1225 1266 1288 lais
1286 1225 1405 1288 nomina
1420 1245 1454 1285 ve
1476 1243 1478 1248 ’

319 1341 417 1407 tosta,
432 1328 548 1412 quibus
560 1327 637 1391 item
644 1328 803 1412 'adjectiva
814 1331 963 1406 subsunt,
974 1329 1162 1406 Cenomani,
1173 1330 1331 1394 Germani
1341 1333 1382 1414 (p.
1393 1335 1454 1410 tat),
1477 1405 1478 1408 Ἴ

320 1445 352 1498 et
373 1434 528 1518 quaedam
546 1433 630 1498 inter
651 1433 783 1498 nomina
803 1435 943 1498 virorum
965 1435 1131 1510 sambrico,
1149 1445 1188 1498 ut
1205 1434 1334 1500 Tecuon
1347 1435 1421 1498 Mala
1433 1437 1454 1508 2,
1477 1429 1478 1494 j

322 1545 382 1602 208
399 1561 439 1626 en
455 1539 518 1622 adj.
538 1547 584 1604 tec
598 1537 794 1620 (formosus).
1477 1525 1478 1530 ¹

408 1651 438 1708 2.
464 1643 736 1708 Substantiva
758 1665 845 1708 cum
866 1644 1097 1730 adjectivis.
1128 1645 1214 1710 Sunt
1227 1667 1298 1710 non
1313 1645 1455 1726 infrequor
1476 1649 1478 1706 j

321 1751 367 1814 tia
385 1749 542 1814 cambrica
564 1748 610 1813 ita
631 1749 816 1834 composita.
848 1749 1033 1814 Vetustiora
1055 1772 1072 1814 e
1092 1751 1206 1834 glossis
1222 1751 1353 1816 Onon:
1376 1752 1455 1814 boas

322 1855 423 1920 trettt
445 1858 585 1940 (pectore
604 1851 815 1937 variegatus),
834 1855 1058 1939 hleuportlaetic
1073 1856 1131 1940 (gl.
1149 1855 1302 1940 laniger).
1334 1858 1360 1920 Il
1379 1855 1455 1920 lioba

322 1963 493 2046 brcnnwyn
509 1963 659 2045 (pectore,
672 1970 783 2024 ventre
796 1959 900 2038 albus,
915 1961 1017 2044 canis)
1034 1969 1062 2038 1,
1077 1969 1151 2025 274.
1168 1963 1284 2026 march
1299 1957 1458 2049 mynyyrpti
1476 1953 1478 1974 ¹

322 2071 437 2151 (equus
454 2065 535 2150 juba
557 2066 693 2150 crispus)
711 2073 740 2143 1,
760 2071 812 2128 26.
827 2088 927 2152 qwas,
942 2089 1013 2152 ρων
1019 2069 1187 2153 peramat
1202 2071 1311 2152 (puer,
1329 2069 1374 2131 vir
1386 2065 1459 2149 osia
1476 2121 1478 2148 ,

323 2173 472 2256 crispus),
490 2193 632 2258 mosaoyn
648 2170 823 2256 bennprcclt
839 2172 960 2254 (puella
975 2173 1111 2236 caesarie
1125 2173 1241 2258 crispa)
1256 2181 1290 2252 1,
1306 2181 1336 2236 3.
1353 2181 1396 2235 14.
1409 2177 1458 2232 281.
1476 2163 1478 2256 l

326 2283 399 2340 282.
423 2275 603 2340 morchowc
611 2277 780 2358 pendrwm
796 2279 906 2359 (eques
918 2277 1021 2361 capite
1036 2277 1153 2361 gravis,
1171 2278 1277 2362 capite
1293 2278 1428 2358 demisso)
1440 2281 1458 2350 7,

323 2389 375 2444 37.
393 2380 504 2444 march
511 2381 697 2464 peneaclel
709 2384 823 2464 (equus
838 2381 942 2465 capite
957 2383 1092 2465 elevato)
1110 2387 1140 2460 2,
1159 2388 1234 2446 388.
1251 2379 1459 2470 dyntffiwytl·
1474 2395 1478 2514 (

323 2487 407 2550 baton
424 2485 583 2572 plotaawr
605 2483 670 2566 (via
691 2483 856 2548 fructuum
875 2485 972 2569 plena
992 2485 1144 2570 gloriosa)
1161 2493 1191 2566 2,
1211 2493 1264 2551 26.
1293 2487 1397 2554 morali
1409 2485 1461 2550 etot

321 2613 412 2656 ucwr
428 2595 542 2674 (equus
558 2608 693 2673 magnae
708 2589 840 2674 gloriae)
858 2593 888 2668 2,
908 2597 981 2654 249.

408 2703 438 2788 3:
471 2693 747 2759 Substantiva
775 2715 863 2758 cum
884 2696 1031 2760 verbis.
1064 2697 1221 2783 Exempla
1235 2699 1461 2763 cambris-atate

322 2795 478 2865 coilltacm
492 2799 549 2884 (gl.
565 2797 605 2863 ab
620 2799 738 2886 aspicio
750 2822 871 2884 auspex
879 2825 889 2876 ;
903 2833 947 2854 =
958 2799 1119 2888 avispicio‚
1135 2813 1214 2882 etan,
1229 2806 1314 2886 avis)
1325 2805 1369 2890 gl.
1382 2804 1460 2867 Onon
1475 2799 1478 2890 l

313 2903 584 2992 ffrwynqumltu,
594 2903 832 2990 ffrwynqlpmu
847 2907 950 2988 (frena
965 2908 1109 2991 nodare),
1116 2905 1404 2997 ffmcynplymowd
1415 2911 1461 2987 (no
1476 2891 1478 2970 Ῐ

211 3037 216 3053 =
321 3011 421 3092 davit)
438 3009 526 3074 Mab.
547 3015 577 3087 2,
598 3016 649 3072 38.
670 3015 721 3072 39.
740 3018 792 3072 41.

408 3123 438 3178 4.
463 3113 675 3198 Adjectiva
696 3137 783 3178 cum
804 3117 1085 3182 substantivis
1107 3117 1193 3183 Sunt
1204 3115 1478 3206 frequentiahujn

322 3219 557 3308 compositionis
574 3221 718 3306 exempla
732 3221 922 3300 britannica,
937 3235 975 3286 ut
990 3223 1163 3288 hibernica.
1191 3225 1361 3290 Sufficient
1372 3223 1461 3305 aliqua
1477 3223 1478 3226 ’

406 3325 445 3389 Ε.
463 3349 511 3410 gr.
537 3325 693 3390 cambrica
713 3319 868 3410 adjectiva
888 3327 1006 3391 colores
1027 3327 1203 3394 indicantia
1224 3353 1300 3394 cum
1321 3322 1478 3397 substant·

321 3433 384 3494 vis:
405 3431 564 3516 pacensrut
583 3431 694 3512 (albus
717 3431 841 3513 amnis)
856 3431 928 3496 Lib.
956 3433 1059 3497 Land.
1080 3441 1152 3498 148.
1178 3437 1331 3520 rudpull,
1351 3423 1465 3521 9144741

322 3537 441 3616 (rubra,
459 3535 573 3620 glauca
587 3536 684 3618 fossa)
701 3535 772 3599 Lib.
792 3537 896 3600 Lond.
917 3545 968 3600 74.
990 3545 1061 3602 148.
1144 3565 1147 3570 “

406 3641 573 3724 Adjcctiva
593 3641 653 3706 den
670 3645 793 3724 (senex,
810 3645 987 3726 vetustus),
1006 3667 1074 3708 cam
1090 3649 1236 3728 (curvus)
1252 3657 1314 3710 etc.
1332 3663 1399 3708 cum
1411 3637 1463 3702 sul>

322 3745 486 3810 stantivis:
512 3745 631 3810 landet
645 3747 702 3830 (gl.
722 3750 833 3830 avus),
858 3745 1004 3812 immam
1021 3749 1078 3832 (gl.
1096 3749 1181 3833 avia)
1197 3751 1232 3814 in
1249 3751 1363 3836 glossis
1380 3747 1461 3811 Oson-

321 3853 350 3915 E
365 3851 445 3914 libro
457 3851 600 3915 Landav.
615 3873 621 3914 :
640 3849 769 3916 benerit
781 3859 832 3914 70.
850 3851 988 3916 teneret
1003 3860 1054 3916 71.
1071 3853 1184 3920 incolt
1195 3863 1246 3919 75.
1264 3853 1400 3940 beaford
1410 3849 1460 3912 lli·

321 3955 490 4038 beaupont,
505 3955 643 4040 henpont
656 3962 728 4019 199.
753 3958 782 4020 E
797 3957 906 4020 Mobz
923 3957 1059 4043 localitas,
1073 3957 1245 4025 lammae!
1253 3963 1391 4044 (vetusta
1399 3951 1462 4025 avla)

322 4067 353 4138 2,
376 4067 424 4122 13.
445 4067 475 4135 3,
495 4067 567 4124 372.
592 4061 740 4138 lobwise,
765 4061 924 4126 hendt'llot
937 4064 1048 4144 (vestis
1071 4065 1228 4148 obsoleta)
1246 4071 1274 4143 1,
1292 4069 1366 4126 258.
1384 4065 1411 4136 2,
1424 4061 1460 4116 ll·

321 4165 490 4230 Itenwroclr
513 4166 634 4247 (vetula
654 4167 783 4250 mulier)
800 4172 831 4243 2,
851 4174 922 4231 199.
956 4171 1071 4234 Porro:
1095 4172 1251 4236 comdudr
1263 4171 1373 4253 (cum
1390 4164 1462 4246 4441)

321 4269 576 4334 Cod.Lich1eld.
600 4271 745 4354 comfrut
764 4274 894 4352 (curvus
914 4275 1058 4357 fluvios),
1076 4275 1231 4360 campaili
1243 4275 1371 4359 (onnus
1383 4266 1462 4332 vimi

321 4374 393 4438 Lib.
412 4375 515 4438 Land.
538 4381 608 4438 133.
