2978 5054
277 367 340 430 896
514 365 574 427 VI.
596 371 624 428 t.
657 381 881 428 corsraucrro
896 381 999 424 vnnnr
1016 379 1208 424 nrrnrsrca

276 535 415 620 attingat
435 546 572 619 tempus,
596 533 775 619 attingatur
793 543 1013 616 tempusque
1033 551 1165 605 sumus;
1189 527 1303 594 cimai
1325 531 1427 609 soem.)

277 643 353 706 Wb.
372 646 416 704 9⁸.

365 749 407 812 In
431 746 559 832 passivo
584 745 699 811 defecit
721 745 816 810 dexio
837 743 1013 829 personalis
1028 743 1098 828 jam
1119 743 1157 806 in
1176 753 1304 808 vetusta
1323 741 1428 826 lingua,

278 853 331 917 cui
357 852 488 916 nonnisi
513 852 607 916 tertia
627 873 763 936 persona
783 851 951 936 utriusque
972 849 1099 914 numeri
1120 849 1238 914 usitata
1258 859 1323 913 est:
1346 847 1430 912 iritum

279 959 480 1044 aralleptlrar
494 958 604 1042 aoepis.
623 961 711 1041 (cum
726 957 845 1042 legitur
859 958 929 1041 ejus
943 955 1092 1042 epistola)
1108 957 1184 1020 Wb.
1207 961 1268 1020 18¹.
1295 955 1363 1020 iare
1374 977 1433 1018 arr·

280 1066 405 1150 lipotar
426 1067 515 1148 (cum
536 1065 699 1148 leguntur,
724 1068 831 1146 voces)
846 1064 903 1147 Sg.
923 1067 1007 1124 213¹.
1040 1062 1170 1126 Ceteras
1193 1082 1363 1145 personas,
1384 1061 1433 1146 pri

279 1192 366 1235 mam
377 1183 410 1234 et
420 1171 594 1235 secundam
605 1170 776 1254 singularis
788 1182 820 1234 et
830 1169 975 1255 pluralis,
985 1168 1080 1232 modo
1087 1167 1293 1252 impersonali
1302 1167 1433 1252 exprimi,

280 1276 451 1361 infigendis
476 1277 585 1341 formis
607 1275 834 1360 pronominum
856 1297 965 1339 earum
986 1295 1193 1359 personarum
1213 1275 1300 1338 inter
1321 1274 1436 1338 formata

280 1382 368 1446 verbi
391 1383 501 1446 tertiae
522 1403 676 1467 personae
696 1382 869 1466 singularis
888 1393 920 1446 et
934 1380 1108 1466 particulas
1122 1381 1265 1444 verbales
1280 1403 1335 1458 nc,
1352 1401 1387 1443 ro
1399 1380 1438 1444 rel

280 1487 529 1573 praepositiones
550 1489 586 1552 in
608 1488 712 1552 verbis
734 1488 928 1573 compositis,
953 1486 1115 1570 proditum
1132 1485 1202 1569 jam
1222 1485 1259 1550 in
1281 1497 1438 1571 systemate

281 1594 369 1658 verbi
381 1595 427 1678 (p.
439 1598 527 1678 412),
538 1605 627 1678 patet
637 1615 678 1658 ex
689 1595 766 1680 ipsis
778 1594 813 1658 in
825 1596 920 1658 verbo
932 1593 1126 1656 enumeratis
1137 1593 1294 1676 exemplis
1304 1597 1354 1677 (p.
1366 1599 1438 1674 tta).

367 1701 462 1764 Actio
475 1701 561 1764 verbi
571 1701 764 1765 reflexivain
775 1701 895 1784 linguis
907 1699 1026 1764 celticis
1036 1698 1161 1784 propria
1168 1699 1270 1763 forma
1278 1722 1350 1763 non
1359 1700 1440 1784 sigui·

282 1809 407 1871 ficetur.
436 1807 611 1871 Hibemice
632 1807 830 1891 significatae
844 1805 987 1889 ejusdem
1000 1805 1158 1890 particula
1171 1807 1318 1889 praelixa
1333 1807 1400 1884 ire,
1414 1819 1442 1868 rt

282 1916 321 1978 fit
335 1913 547 1977 communiter
560 1913 749 1989 britannice,
764 1913 819 1976 vix
830 1935 934 1976 unum
945 1913 995 1976 vel
1006 1912 1143 1976 alteram
1154 1913 1344 1996 exemplum
1355 1923 1444 1978 exsut

284 2022 331 2105 (p.
350 2023 438 2101 847).
471 2019 574 2084 Solita
591 2032 640 2084 est
654 2019 767 2082 infixio
781 2019 979 2104 pronominis
993 2039 1147 2103 personae
1161 2041 1243 2103 quae
1258 2020 1295 2083 in
1318 2041 1354 2084 se
1372 2019 1442 2103 agit:

282 2124 485 2191 mmmdidim
506 2125 647 2209 (glorior,
671 2125 693 2188 i.
712 2147 741 2188 e.
764 2126 861 2190 laudo
880 2132 945 2209 me)
962 2127 1037 2190 Wb.
1059 2129 1120 2187 14⁸.
1144 2125 1385 2192 ncomdidemai
1396 2126 1443 2210 (gl.
1479 2153 1481 2208 t

282 2231 471 2315 gloriamur)
487 2227 531 2294 2⁴.
548 2240 601 2296 act
614 2231 774 2315 scapiono
789 2231 847 2315 (gl.
865 2231 893 2296 si
907 2231 1130 2296 emundaverit
1143 2235 1191 2314 se)
1208 2229 1275 2295 30⁵.

369 2360 397 2400 c.
424 2338 619 2422 Temporum
640 2347 673 2401 et
693 2337 860 2401 modorum
882 2359 960 2401 usus
982 2348 1016 2402 et
1037 2337 1243 2414 constructio,
1261 2338 1446 2424 simplerin

285 2443 433 2508 omnibus
459 2442 579 2526 linguis
604 2445 736 2523 celticis,
750 2445 819 2529 jam
841 2467 859 2507 e
880 2455 1052 2528 systemate
1073 2443 1161 2508 verbi
1182 2457 1216 2510 et
1236 2447 1397 2532 exemplis
1415 2447 1448 2510 ad
1482 2443 1484 2512 i

284 2549 499 2612 ostendendas
514 2551 682 2618 verborum
696 2551 813 2614 formas
829 2551 960 2636 prolatis
975 2550 1097 2614 affatim
1111 2551 1228 2616 elucet.

371 2654 576 2720 Promiacuus
591 2679 669 2721 usus
685 2657 861 2741 praesentis
877 2671 910 2720 et
923 2656 1086 2741 praeteriti
1101 2658 1292 2736 secundarii,
1311 2661 1450 2745 frequen
1483 2667 1484 2692 ²

287 2760 348 2824 tior
367 2761 403 2824 in
424 2761 580 2826 cambrica
601 2763 849 2840 constructione,
869 2763 938 2848 jam
962 2763 1224 2828 animadvertitur
1245 2765 1450 2832 interdumia

286 2877 412 2930 vaureta
425 2866 605 2932 hibernica:
627 2869 772 2934 athelmis
788 2871 846 2953 (gl.
864 2870 948 2934 sicut
964 2869 1101 2939 Sodoma
1116 2869 1191 2934 facti
1206 2892 1352 2936 essemus
1361 2899 1370 2949 ;
1387 2873 1410 2936 i.
1425 2895 1448 2936 e

286 2973 551 3057 interivissemus)
568 2977 643 3040 Wb.
660 2973 703 3054 4⁸¹,
718 2975 804 3061 quod
819 2976 915 3040 etiam
930 2975 1091 3060 significat
1105 2975 1321 3042 interirem.
1350 2979 1452 3044 Oritur

287 3078 412 3143 omissis
434 3081 599 3163 particulis
621 3105 662 3148 ao
684 3093 717 3146 ct
738 3104 786 3160 ro,
804 3083 921 3166 quibus
941 3084 979 3146 fit
1001 3081 1164 3148 distinctio
1186 3081 1272 3146 inter
1286 3097 1452 3170 utrumqne

288 3197 425 3270 tempus,
440 3207 469 3250 e.
483 3209 531 3271 gr.
546 3187 581 3250 in
596 3209 700 3272 pass:
718 3189 886 3256 normate
898 3189 1113 3272 (salvaretur),
1127 3189 1292 3255 roboratio
1302 3193 1452 3274 (calvatus

288 3305 389 3369 esset3
407 3293 449 3357 cf.
466 3315 499 3376 p.
518 3299 592 3357 453.
611 3299 700 3378 471).

375 3400 407 3462 d.
433 3399 637 3464 Infinitivum
664 3401 864 3466 hibernicum
889 3425 957 3467 esse
982 3423 1068 3467 mere
1091 3403 1348 3482 substantivam,
1372 3417 1453 3490 patet

290 3515 356 3568 tam
371 3527 411 3568 ax
426 3503 495 3588 ejus
510 3505 618 3570 formis
634 3507 718 3571 varie
733 3507 884 3573 derivatis
896 3512 942 3594 (p.
958 3515 1019 3572 459
1033 3512 1109 3592 sq.),
1124 3529 1221 3591 quam
1235 3513 1407 3596 praecipue
1419 3533 1453 3574 ex

289 3610 358 3694 ejus
383 3611 620 3676 constructione
645 3635 719 3677 cum
741 3613 900 3698 genitivo,
923 3617 1015 3700 cujus
1037 3625 1113 3678 sunt
1135 3615 1282 3700 exempla
1304 3619 1454 3700 quaedam

289 3715 525 3780 manifestiora:
552 3719 731 3806 trejulonp
746 3721 969 3807 innafochr'de
983 3722 1170 3805 (tolerandis
1186 3721 1455 3804 tribulationsttns)

292 3817 452 3887 Wb.14''.
482 3821 636 3888 ima-adad
660 3824 738 3890 inno
764 3829 829 3892 rite
855 3830 1021 3893 demands.
1046 3851 1101 3892 oea
1127 3829 1284 3893 imradad
1306 3831 1458 3895 namot

292 3928 445 4012 (cogitare
466 3951 516 3992 res
538 3931 730 4009 mundanas,
749 3933 818 3997 sine
838 3935 1031 4018 cogitatione
1051 3935 1248 4013 coelestium,
1267 3947 1317 4001 est
1335 3937 1456 4024 sapin·

293 4035 338 4099 tia
359 4034 477 4117 carnis)
494 4035 568 4098 Wb.
590 4031 633 4098 ³⁶.
657 4037 695 4100 oi
715 4037 764 4102 dii
782 4040 848 4103 daia
872 4039 977 4104 tobart
994 4047 1126 4105 walacra
1142 4041 1200 4126 (gl.
1219 4065 1284 4107 non
1298 4045 1390 4108 nobis
1405 4065 1455 4107 ne-

292 4163 378 4206 cesse
393 4141 564 4224 quicquam
579 4141 679 4225 loqui,
694 4143 716 4207 i.
730 4165 759 4208 e.
778 4145 853 4209 dare
868 4145 1102 4232 testimonium)
1116 4153 1178 4212 24⁶.
1197 4149 1352 4214 octabar'rt
1359 4153 1454 4224 rusia,

292 4247 426 4311 octabirt
447 4246 569 4310 coidsen
585 4247 634 4330 (in
655 4250 851 4332 proferendis
869 4253 1039 4335 mysteriis,
1058 4255 1171 4318 dandis
1186 4255 1375 4338 rationibus)
1395 4255 1454 4318 12⁸.

296 4357 356 4415 15‘.
382 4351 485 4437 potat
507 4353 713 4420 desimrechte
733 4360 872 4439 (sumere
899 4359 1095 4445 exemplum)
1118 4361 1162 4445 sq.
1198 4363 1327 4446 Legitur
1351 4373 1457 4426 armen

293 4457 390 4522 etiam
411 4457 593 4540 frequenter
616 4460 778 4540 infinitivi,
797 4463 853 4546 qui
876 4475 924 4528 est
945 4465 1078 4550 subjecti
1094 4467 1175 4544 loco,
1193 4469 1382 4534 constructio
1397 4468 1456 4532 alia
