3082 5070
611 293 783 338 nonnum.
1206 275 1288 337 1143

110 445 230 516 Eirick,
250 465 268 504 a
287 445 473 516 Oduchullin,
493 445 592 516 tiriolo,
614 441 624 526 ΙΙ
641 447 691 504 elli
704 447 747 505 mi
761 448 886 523 loinpear
902 447 1003 506 threna
1018 470 1034 504 o
1051 449 1163 519 thuath,

113 545 202 606 Grad
217 546 345 623 adluat,
364 568 383 605 a
398 547 589 608 odino-uidde
607 567 646 608 aa
658 549 745 626 stilo,
766 543 777 631 ΙΙ
795 550 817 608 'a
840 551 903 608 mbr
924 549 1051 618 Saurea,
1071 549 1286 610 damnatura

938 650 1073 727 stluagh.

200 801 243 864 Et
258 801 333 864 inde
347 821 367 863 a
382 819 475 863 versu
493 805 547 861 18:

114 957 268 1017 Chunnoic
289 957 332 1016 mi
354 959 382 1016 'n
404 957 555 1027 coaonord,
576 955 669 1014 ἐλαίη
681 957 801 1026 Moron,
822 949 970 1038 lavinam
991 958 1027 1016 do
1053 959 1080 1015 'a
1096 958 1230 1034 edorraip
1246 979 1282 1016 aa

970 1059 1078 1128 triath,¹

109 1163 139 1220 Α
160 1161 279 1238 theol
301 1179 366 1220 mar
383 1160 529 1238 pdiublaeue
550 1161 596 1218 at'r
617 1159 811 1232 scallam,
832 1153 924 1242 lmus·
936 1161 1089 1236 qdealoiod
1103 1181 1140 1238 ap
1156 1161 1249 1237 diripi
1265 1183 1283 1218 a

963 1263 1069 1338 spiatb.

195 1425 420 1510 contraposita
445 1425 629 1490 assonantia
653 1425 816 1489 invenitur
842 1423 877 1488 in
903 1425 1033 1490 exordio
1057 1419 1206 1490 carminis
1233 1421 1281 1487 in·

105 1529 220 1614 scripti
239 1529 321 1594 ooth
335 1531 488 1596 Lodut'nn
507 1539 541 1592 11
558 1553 626 1616 sq.:

105 1687 161 1746 Mi
174 1687 323 1744 coimdcod
336 1687 382 1744 air
396 1688 520 1747 Lochlin
535 1710 593 1748 nan
608 1709 690 1759 sonn,
712 1684 722 1770 ll
739 1690 801 1746 clar
815 1689 894 1764 aisye
915 1687 1042 1744 Utdomo
1056 1707 1115 1744 aaa
1131 1695 1211 1755 loun,

109 1789 168 1846 O’n
185 1788 342 1846 ior-eduen
357 1790 524 1849 a'teamcdlt
536 1811 582 1848 mo
593 1789 670 1867 righ,
691 1785 702 1874 l
720 1791 743 1848 'a
753 1789 831 1848 mair
843 1787 983 1848 bherseoch
990 1791 1030 1866 so
1039 1787 1161 1865 phaoith
1172 1787 1199 1843 α’
1211 1793 1275 1845 etrl.

105 1890 146 1948 'S
173 1889 341 1948 neo-lionor-
367 1891 439 1967 plan
465 1891 580 1969 diyridlt
601 1913 669 1951 nam
693 1891 786 1952 beann
802 1885 814 1974 l
831 1893 870 1950 llr
890 1889 1036 1967 ohoipricd
1058 1890 1083 1948 α’
1106 1887 1198 1966 toqoil
1209 1889 1279 1968 fo'n

966 2011 1067 2052 ceann.

193 2158 300 2224 Quam
316 2158 459 2240 sequitur
473 2179 548 2221 mox
563 2158 745 2242 copulativa
759 2161 838 2222 adeo
853 2159 990 2244 duplex:

106 2276 234 2371 euim
245 2313 353 2372 sama
365 2337 381 2374 ο
392 2313 528 2376 roasa„
534 2315 710 2392 farsam,
732 2310 742 2396 ῃ
759 2313 1174 2389 cenomannensem
1186 2311 1279 2370 asan

874 2417 1065 2492 mastreth,

105 2515 303 2574 Oduimltm'oh
314 2537 352 2574 aas
364 2515 431 2591 riqll
442 2536 481 2574 aa
491 2517 560 2592 aiffa
570 2517 683 2587 adacio,
704 2511 715 2598 ΙΙ
728 2519 847 2594 yhlesot'a
857 2518 951 2576 ardon
961 2537 980 2574 a
990 2517 1068 2576 ldmd
1078 2515 1107 2573 ri
1115 2535 1133 2572 a
1140 2516 1273 2590 alloagh.

190 2673 282 2740 Quae
298 2672 412 2758 etipsa
428 2675 556 2737 eosdem
571 2695 681 2738 versus
697 2675 946 2758 praeceditinde
961 2695 980 2736 a
994 2695 1025 2736 v.
1045 2675 1082 2734 2:

100 2831 132 2886 A
154 2829 256 2888 claein
278 2829 367 2900 aierit,
384 2851 447 2906 prm
470 2830 625 2908 t'sttaieinn
647 2850 665 2887 o
686 2832 818 2903 cdaoidh,
840 2825 850 2913 ΙΙ
868 2831 975 2890 mlada
997 2831 1117 2887 cluoran
1132 2849 1181 2886 mu
1196 2828 1275 2886 Lora

916 2953 975 2990 non
989 2951 1062 3001 nan,

105 3033 169 3090 Thu
183 3032 231 3089 air
245 3040 325 3088 astar
339 3051 377 3088 aa
392 3033 597 3108 caol-ydiotam
611 3053 649 3091 nu
658 3033 772 3108 qaoith,
791 3027 802 3113 Ι
818 3033 919 3090 c'uimo
931 3032 1024 3108 threiq
1037 3033 1088 3090 tdu
1098 3051 1144 3089 mo
1156 3031 1274 3088 abluam

852 3155 883 3189 co
901 3133 989 3190 alan?
1004 3139 1060 3190 etc.

187 3295 416 3359 Assonantiam
431 3296 601 3374 initialem,
619 3319 647 3360 e.
662 3319 710 3379 gr.
728 3297 781 3360 hic
797 3297 830 3360 in
847 3297 977 3360 vocibus
993 3295 1107 3359 claein
1121 3295 1269 3372 odooidd,

99 3401 201 3466 zabad
221 3403 322 3478 Lora,
340 3405 452 3484 poetae
475 3423 575 3486 gnaro
596 3401 777 3465 hibernicae
800 3412 944 3466 vetustae
966 3412 1144 3466 structurae
1163 3401 1271 3485 cogni·

97 3519 167 3570 tam
188 3505 287 3569 fixisse
309 3507 363 3568 vix
384 3507 496 3591 negari
518 3505 645 3592 poterit.
679 3507 783 3570 Obvia
798 3518 847 3571 est
862 3507 939 3572 haec
955 3508 1074 3592 duplex
1090 3506 1272 3590 copulativa

97 3611 299 3691 (assonantia
314 3633 466 3675 versuum
481 3613 642 3676 alternans
658 3614 836 3675 secundum
852 3613 1000 3676 editionis
1016 3613 1269 3694 distinctionem)

97 3717 199 3780 ctiam
220 3717 253 3780 in
276 3717 382 3780 medio
403 3717 554 3793 carmine,
580 3740 609 3780 e.
626 3739 674 3800 gr.
693 3717 728 3779 in
749 3717 937 3802 Fionaydol
958 3727 987 3795 1,
1005 3717 1080 3782 inde
1102 3741 1122 3781 a
1143 3741 1174 3780 v.
1196 3725 1267 3795 101,

97 3843 196 3906 quem
212 3821 374 3904 praecedit
388 3823 572 3886 assonantia
587 3823 812 3905 contraposita.

184 3927 392 3991 Ahlwardtus
414 3927 449 3989 in
470 3927 613 3990 versione
634 3928 814 4010 germanica
829 3927 1067 3991 Ossianicorum
1086 3931 1270 4010 poe'matum

96 4031 242 4116 singulos
265 4053 374 4095 versus
396 4032 436 4095 ad
451 4033 594 4116 singulas
610 4033 746 4116 syllabas
762 4031 928 4114 expressit,
947 4033 1003 4094 sed
1018 4033 1099 4095 bene
1114 4031 1208 4108 cavit,
1226 4054 1268 4094 ne

97 4136 299 4202 assonantias
315 4137 410 4200 etiam
423 4137 624 4222 exprimeret.
649 4139 692 4200 Et
705 4137 776 4220 quis
788 4137 885 4200 etiam
896 4137 1095 4200 assonantias
1107 4136 1177 4200 illas
1190 4139 1268 4200 fina-

96 4246 155 4320 les,
174 4265 239 4307 non
261 4242 364 4305 dicam
385 4243 506 4326 plenae,
525 4245 582 4306 sed
604 4243 751 4306 dimidias
773 4244 823 4314 vel
837 4242 982 4319 levioreS,
1005 4255 1041 4306 ut
1056 4242 1110 4305 vix
1126 4243 1266 4306 artimad·

96 4359 277 4424 vertantur,
295 4347 327 4410 iu
344 4347 407 4410 alia
421 4347 534 4432 lingua
548 4347 739 4411 reddiderit?
