<?xml version="1.0" encoding="UTF-8"?>
<!DOCTYPE html PUBLIC "-//W3C//DTD XHTML 1.0 Transitional//EN"
    "http://www.w3.org/TR/xhtml1/DTD/xhtml1-transitional.dtd">
<html xmlns="http://www.w3.org/1999/xhtml" xml:lang="en" lang="en">
 <head>
  <title>
</title>
<meta http-equiv="Content-Type" content="text/html;charset=utf-8" />
  <meta name='ocr-system' content='tesseract 3.04.00' />
  <meta name='ocr-capabilities' content='ocr_page ocr_carea ocr_par ocr_line ocrx_word'/>
</head>
<body>
  <div class='ocr_page' id='page_1' title='image "./grammaticacelti01zeusgoog_0079.png"; bbox 0 0 3056 5048; ppageno 0'>
   <div class='ocr_carea' id='block_1_1' title="bbox 318 397 1241 478">
    <p class='ocr_par' dir='ltr' id='par_1_1' title="bbox 318 397 1241 478">
     <span class='ocr_line' id='line_1_1' title="bbox 318 397 1241 478; baseline -0.004 -16"><span class='ocrx_word' id='word_1_1' title='bbox 318 399 379 464; x_wconf 83' lang='lat' dir='ltr'><strong>lv.</strong></span> <span class='ocrx_word' id='word_1_2' title='bbox 399 405 429 462; x_wconf 94' lang='grc'><strong>2.</strong></span> <span class='ocrx_word' id='word_1_3' title='bbox 463 417 744 462; x_wconf 74' lang='lat' dir='ltr'><strong>rnanrosrrrorrns</strong></span> <span class='ocrx_word' id='word_1_4' title='bbox 761 419 1017 478; x_wconf 73' lang='lat' dir='ltr'><strong>rsrurursrumn.¹</strong></span> <span class='ocrx_word' id='word_1_5' title='bbox 1184 397 1241 458; x_wconf 86' lang='grc'><strong>631</strong></span> 
     </span>
    </p>
   </div>
   <div class='ocr_carea' id='block_1_2' title="bbox 67 565 1250 4353">
    <p class='ocr_par' dir='ltr' id='par_1_2' title="bbox 67 565 1243 757">
     <span class='ocr_line' id='line_1_2' title="bbox 67 565 1243 653; baseline -0.003 -23"><span class='ocrx_word' id='word_1_6' title='bbox 67 567 195 653; x_wconf 73' lang='lat' dir='ltr'><strong>ffiwyn</strong></span> <span class='ocrx_word' id='word_1_7' title='bbox 216 589 257 652; x_wconf 77' lang='lat' dir='ltr'><strong>vy</strong></span> <span class='ocrx_word' id='word_1_8' title='bbox 279 567 391 632; x_wconf 70' lang='lat' dir='ltr'><strong>maret</strong></span> <span class='ocrx_word' id='word_1_9' title='bbox 407 565 539 649; x_wconf 81' lang='lat' dir='ltr'><strong>(indidit</strong></span> <span class='ocrx_word' id='word_1_10' title='bbox 560 587 655 650; x_wconf 83' lang='lat' dir='ltr'><strong>eques</strong></span> <span class='ocrx_word' id='word_1_11' title='bbox 677 568 803 650; x_wconf 88' lang='lat' dir='ltr'><strong>lignum</strong></span> <span class='ocrx_word' id='word_1_12' title='bbox 822 568 932 632; x_wconf 87' lang='lat' dir='ltr'><strong>hastae</strong></span> <span class='ocrx_word' id='word_1_13' title='bbox 956 589 1031 632; x_wconf 89' lang='lat' dir='ltr'><strong>suae</strong></span> <span class='ocrx_word' id='word_1_14' title='bbox 1047 587 1103 650; x_wconf 87' lang='lat' dir='ltr'><strong>per</strong></span> <span class='ocrx_word' id='word_1_15' title='bbox 1117 565 1243 628; x_wconf 78' lang='lat' dir='ltr'><strong>frenum</strong></span> 
     </span>
     <span class='ocr_line' id='line_1_3' title="bbox 74 673 362 757; baseline -0.003 -20"><span class='ocrx_word' id='word_1_16' title='bbox 74 674 148 757; x_wconf 89' lang='lat' dir='ltr'><strong>equi</strong></span> <span class='ocrx_word' id='word_1_17' title='bbox 162 673 241 753; x_wconf 89' lang='lat' dir='ltr'><strong>mei)</strong></span> <span class='ocrx_word' id='word_1_18' title='bbox 261 680 290 751; x_wconf 99' lang='grc'><strong>1,</strong></span> <span class='ocrx_word' id='word_1_19' title='bbox 311 681 362 736; x_wconf 86' lang='lat' dir='ltr'><strong>to.</strong></span> 
     </span>
    </p>

    <p class='ocr_par' dir='ltr' id='par_1_3' title="bbox 72 779 1243 1922">
     <span class='ocr_line' id='line_1_4' title="bbox 159 779 1241 864; baseline -0.001 -20"><span class='ocrx_word' id='word_1_20' title='bbox 159 779 410 863; x_wconf 82' lang='lat' dir='ltr'><strong>Praepositionis</strong></span> <span class='ocrx_word' id='word_1_21' title='bbox 433 781 529 864; x_wconf 83' lang='lat' dir='ltr'><strong>hujus</strong></span> <span class='ocrx_word' id='word_1_22' title='bbox 551 781 747 844; x_wconf 75' lang='lat' dir='ltr'><strong>consociatae</strong></span> <span class='ocrx_word' id='word_1_23' title='bbox 767 801 841 844; x_wconf 88' lang='lat' dir='ltr'><strong>cum</strong></span> <span class='ocrx_word' id='word_1_24' title='bbox 862 779 1102 863; x_wconf 79' lang='lat' dir='ltr'><strong>pronominibus</strong></span> <span class='ocrx_word' id='word_1_25' title='bbox 1118 779 1241 844; x_wconf 81' lang='lat' dir='ltr'><strong>suffixis</strong></span> 
     </span>
     <span class='ocr_line' id='line_1_5' title="bbox 74 885 1239 970; baseline -0.003 -19"><span class='ocrx_word' id='word_1_26' title='bbox 74 887 223 970; x_wconf 79' lang='lat' dir='ltr'><strong>exempla</strong></span> <span class='ocrx_word' id='word_1_27' title='bbox 233 885 351 948; x_wconf 87' lang='lat' dir='ltr'><strong>rariora</strong></span> <span class='ocrx_word' id='word_1_28' title='bbox 363 895 450 948; x_wconf 87' lang='lat' dir='ltr'><strong>sunt.</strong></span> <span class='ocrx_word' id='word_1_29' title='bbox 472 886 512 948; x_wconf 94' lang='lat' dir='ltr'><strong>In</strong></span> <span class='ocrx_word' id='word_1_30' title='bbox 523 886 596 950; x_wconf 91' lang='lat' dir='ltr'><strong>libri</strong></span> <span class='ocrx_word' id='word_1_31' title='bbox 605 887 821 950; x_wconf 84' lang='lat' dir='ltr'><strong>Laudavensis</strong></span> <span class='ocrx_word' id='word_1_32' title='bbox 833 885 1097 970; x_wconf 85' lang='lat' dir='ltr'><strong>descriptionibus</strong></span> <span class='ocrx_word' id='word_1_33' title='bbox 1108 885 1239 948; x_wconf 84' lang='lat' dir='ltr'><strong>finium:</strong></span> 
     </span>
     <span class='ocr_line' id='line_1_6' title="bbox 75 991 1241 1077; baseline -0.003 -19"><span class='ocrx_word' id='word_1_34' title='bbox 75 995 123 1058; x_wconf 79' lang='lat' dir='ltr'><strong>det</strong></span> <span class='ocrx_word' id='word_1_35' title='bbox 141 992 281 1077; x_wconf 66' lang='lat' dir='ltr'><strong>geberoni</strong></span> <span class='ocrx_word' id='word_1_36' title='bbox 303 992 363 1055; x_wconf 76' lang='lat' dir='ltr'><strong>trio</strong></span> <span class='ocrx_word' id='word_1_37' title='bbox 386 991 423 1056; x_wconf 79' lang='lat' dir='ltr'><strong>di</strong></span> <span class='ocrx_word' id='word_1_38' title='bbox 442 1013 519 1074; x_wconf 86' lang='lat' dir='ltr'><strong>oper</strong></span> <span class='ocrx_word' id='word_1_39' title='bbox 539 1000 621 1056; x_wconf 81' lang='lat' dir='ltr'><strong>nant</strong></span> <span class='ocrx_word' id='word_1_40' title='bbox 639 1013 733 1055; x_wconf 84' lang='lat' dir='ltr'><strong>maur</strong></span> <span class='ocrx_word' id='word_1_41' title='bbox 755 995 869 1075; x_wconf 87' lang='lat' dir='ltr'><strong>(usque</strong></span> <span class='ocrx_word' id='word_1_42' title='bbox 892 992 932 1054; x_wconf 89' lang='lat' dir='ltr'><strong>ad</strong></span> <span class='ocrx_word' id='word_1_43' title='bbox 954 991 997 1056; x_wconf 92' lang='lat' dir='ltr'><strong>G.</strong></span> <span class='ocrx_word' id='word_1_44' title='bbox 1021 991 1166 1068; x_wconf 86' lang='lat' dir='ltr'><strong>fluvium,</strong></span> <span class='ocrx_word' id='word_1_45' title='bbox 1185 1013 1241 1074; x_wconf 91' lang='lat' dir='ltr'><strong>per</strong></span> 
     </span>
     <span class='ocr_line' id='line_1_7' title="bbox 74 1097 1243 1180; baseline 0 -18"><span class='ocrx_word' id='word_1_46' title='bbox 74 1119 149 1162; x_wconf 91' lang='lat' dir='ltr'><strong>eum</strong></span> <span class='ocrx_word' id='word_1_47' title='bbox 171 1100 213 1161; x_wconf 89' lang='lat' dir='ltr'><strong>ad</strong></span> <span class='ocrx_word' id='word_1_48' title='bbox 228 1119 263 1160; x_wconf 87' lang='lat' dir='ltr'><strong>os</strong></span> <span class='ocrx_word' id='word_1_49' title='bbox 278 1097 370 1160; x_wconf 89' lang='lat' dir='ltr'><strong>vallis</strong></span> <span class='ocrx_word' id='word_1_50' title='bbox 384 1099 533 1180; x_wconf 87' lang='lat' dir='ltr'><strong>magnae)</strong></span> <span class='ocrx_word' id='word_1_51' title='bbox 552 1104 622 1160; x_wconf 83' lang='lat'>116.</span> <span class='ocrx_word' id='word_1_52' title='bbox 646 1099 699 1160; x_wconf 80' lang='lat' dir='ltr'><strong>dir</strong></span> <span class='ocrx_word' id='word_1_53' title='bbox 713 1098 802 1162; x_wconf 79' lang='lat' dir='ltr'><strong>main</strong></span> <span class='ocrx_word' id='word_1_54' title='bbox 819 1097 929 1162; x_wconf 74' lang='grc'><strong>11111111</strong></span> <span class='ocrx_word' id='word_1_55' title='bbox 944 1097 998 1160; x_wconf 81' lang='lat' dir='ltr'><strong>dir</strong></span> <span class='ocrx_word' id='word_1_56' title='bbox 1011 1119 1086 1160; x_wconf 72' lang='lat' dir='ltr'><strong>tanc</strong></span> <span class='ocrx_word' id='word_1_57' title='bbox 1101 1098 1154 1161; x_wconf 81' lang='lat' dir='ltr'><strong>dir</strong></span> <span class='ocrx_word' id='word_1_58' title='bbox 1168 1120 1243 1162; x_wconf 79' lang='lat' dir='ltr'><strong>cruc</strong></span> 
     </span>
     <span class='ocr_line' id='line_1_8' title="bbox 74 1202 1241 1288; baseline -0.004 -19"><span class='ocrx_word' id='word_1_59' title='bbox 74 1206 164 1269; x_wconf 78' lang='lat' dir='ltr'><strong>crull</strong></span> <span class='ocrx_word' id='word_1_60' title='bbox 183 1203 334 1288; x_wconf 74' lang='lat' dir='ltr'><strong>dimynai</strong></span> <span class='ocrx_word' id='word_1_61' title='bbox 350 1202 506 1286; x_wconf 73' lang='grc'><strong>9191199111</strong></span> <span class='ocrx_word' id='word_1_62' title='bbox 527 1203 609 1266; x_wconf 76' lang='lat' dir='ltr'><strong>araia</strong></span> <span class='ocrx_word' id='word_1_63' title='bbox 624 1202 661 1265; x_wconf 80' lang='lat' dir='ltr'><strong>di</strong></span> <span class='ocrx_word' id='word_1_64' title='bbox 674 1225 751 1286; x_wconf 81' lang='lat' dir='ltr'><strong>aper</strong></span> <span class='ocrx_word' id='word_1_65' title='bbox 765 1212 845 1268; x_wconf 79' lang='lat' dir='ltr'><strong>nant</strong></span> <span class='ocrx_word' id='word_1_66' title='bbox 859 1223 929 1266; x_wconf 81' lang='lat' dir='ltr'><strong>cam</strong></span> <span class='ocrx_word' id='word_1_67' title='bbox 944 1203 1078 1267; x_wconf 78' lang='lat' dir='ltr'><strong>einreitlt</strong></span> <span class='ocrx_word' id='word_1_68' title='bbox 1094 1203 1148 1283; x_wconf 89' lang='lat' dir='ltr'><strong>(ad</strong></span> <span class='ocrx_word' id='word_1_69' title='bbox 1162 1203 1241 1286; x_wconf 90' lang='lat' dir='ltr'><strong>lapi·</strong></span> 
     </span>
     <span class='ocr_line' id='line_1_9' title="bbox 73 1308 1243 1392; baseline -0.003 -17"><span class='ocrx_word' id='word_1_70' title='bbox 73 1314 147 1375; x_wconf 89' lang='lat' dir='ltr'><strong>dem</strong></span> <span class='ocrx_word' id='word_1_71' title='bbox 163 1313 204 1373; x_wconf 86' lang='lat' dir='ltr'><strong>T.</strong></span> <span class='ocrx_word' id='word_1_72' title='bbox 208 1357 220 1386; x_wconf 89' lang='lat'><strong><em>,</em></strong></span> <span class='ocrx_word' id='word_1_73' title='bbox 238 1310 279 1372; x_wconf 85' lang='lat' dir='ltr'><strong>ad</strong></span> <span class='ocrx_word' id='word_1_74' title='bbox 300 1309 423 1384; x_wconf 89' lang='lat' dir='ltr'><strong>collem,</strong></span> <span class='ocrx_word' id='word_1_75' title='bbox 442 1309 483 1370; x_wconf 86' lang='lat' dir='ltr'><strong>ad</strong></span> <span class='ocrx_word' id='word_1_76' title='bbox 502 1308 600 1372; x_wconf 87' lang='lat' dir='ltr'><strong>alium</strong></span> <span class='ocrx_word' id='word_1_77' title='bbox 618 1309 741 1386; x_wconf 90' lang='lat' dir='ltr'><strong>collem,</strong></span> <span class='ocrx_word' id='word_1_78' title='bbox 758 1311 799 1372; x_wconf 86' lang='lat' dir='ltr'><strong>ad</strong></span> <span class='ocrx_word' id='word_1_79' title='bbox 816 1311 863 1372; x_wconf 91' lang='lat' dir='ltr'><strong>M.</strong></span> <span class='ocrx_word' id='word_1_80' title='bbox 881 1309 997 1385; x_wconf 83' lang='lat' dir='ltr'><strong>rivum,</strong></span> <span class='ocrx_word' id='word_1_81' title='bbox 1014 1329 1070 1391; x_wconf 87' lang='lat' dir='ltr'><strong>per</strong></span> <span class='ocrx_word' id='word_1_82' title='bbox 1084 1331 1169 1386; x_wconf 87' lang='lat' dir='ltr'><strong>eum,</strong></span> <span class='ocrx_word' id='word_1_83' title='bbox 1187 1331 1243 1392; x_wconf 90' lang='lat' dir='ltr'><strong>per</strong></span> 
     </span>
     <span class='ocr_line' id='line_1_10' title="bbox 74 1413 1243 1499; baseline -0.004 -18"><span class='ocrx_word' id='word_1_84' title='bbox 74 1418 122 1480; x_wconf 86' lang='grc' dir='ltr'><strong>Μ.</strong></span> <span class='ocrx_word' id='word_1_85' title='bbox 140 1417 182 1480; x_wconf 86' lang='lat' dir='ltr'><strong>ad</strong></span> <span class='ocrx_word' id='word_1_86' title='bbox 206 1437 242 1479; x_wconf 87' lang='lat' dir='ltr'><strong>os</strong></span> <span class='ocrx_word' id='word_1_87' title='bbox 264 1413 356 1478; x_wconf 86' lang='lat' dir='ltr'><strong>vallis</strong></span> <span class='ocrx_word' id='word_1_88' title='bbox 371 1414 409 1476; x_wconf 87' lang='lat' dir='ltr'><strong>C.</strong></span> <span class='ocrx_word' id='word_1_89' title='bbox 428 1415 483 1495; x_wconf 88' lang='lat' dir='ltr'><strong>C.)</strong></span> <span class='ocrx_word' id='word_1_90' title='bbox 503 1421 573 1476; x_wconf 88' lang='grc'><strong>187.</strong></span> <span class='ocrx_word' id='word_1_91' title='bbox 607 1415 719 1478; x_wconf 87' lang='lat' dir='ltr'><strong>Forma</strong></span> <span class='ocrx_word' id='word_1_92' title='bbox 738 1425 831 1479; x_wconf 88' lang='lat' dir='ltr'><strong>aucta</strong></span> <span class='ocrx_word' id='word_1_93' title='bbox 848 1416 954 1499; x_wconf 80' lang='lat' dir='ltr'><strong>trwyd</strong></span> <span class='ocrx_word' id='word_1_94' title='bbox 966 1415 1000 1476; x_wconf 92' lang='lat' dir='ltr'><strong>in</strong></span> <span class='ocrx_word' id='word_1_95' title='bbox 1016 1415 1123 1478; x_wconf 90' lang='lat' dir='ltr'><strong>Mab.:</strong></span> <span class='ocrx_word' id='word_1_96' title='bbox 1149 1413 1243 1476; x_wconf 77' lang='lat' dir='ltr'><strong>uolet</strong></span> 
     </span>
     <span class='ocr_line' id='line_1_11' title="bbox 72 1519 1242 1607; baseline -0.003 -21"><span class='ocrx_word' id='word_1_97' title='bbox 72 1545 137 1607; x_wconf 76' lang='grc'><strong>9119</strong></span> <span class='ocrx_word' id='word_1_98' title='bbox 161 1520 277 1606; x_wconf 62' lang='grc'><strong>(1119111</strong></span> <span class='ocrx_word' id='word_1_99' title='bbox 296 1542 338 1604; x_wconf 71' lang='grc'><strong>91</strong></span> <span class='ocrx_word' id='word_1_100' title='bbox 358 1521 428 1583; x_wconf 79' lang='lat' dir='ltr'><strong>koer</strong></span> <span class='ocrx_word' id='word_1_101' title='bbox 448 1542 469 1603; x_wconf 95' lang='grc'><strong>9</strong></span> <span class='ocrx_word' id='word_1_102' title='bbox 492 1519 635 1584; x_wconf 78' lang='lat' dir='ltr'><strong>daetdost</strong></span> <span class='ocrx_word' id='word_1_103' title='bbox 656 1522 807 1606; x_wconf 80' lang='lat' dir='ltr'><strong>trwydaw</strong></span> <span class='ocrx_word' id='word_1_104' title='bbox 823 1524 962 1602; x_wconf 86' lang='lat' dir='ltr'><strong>(sursum</strong></span> <span class='ocrx_word' id='word_1_105' title='bbox 983 1521 1082 1582; x_wconf 91' lang='lat' dir='ltr'><strong>donec</strong></span> <span class='ocrx_word' id='word_1_106' title='bbox 1097 1519 1186 1582; x_wconf 87' lang='lat' dir='ltr'><strong>venis</strong></span> <span class='ocrx_word' id='word_1_107' title='bbox 1202 1521 1242 1582; x_wconf 87' lang='lat' dir='ltr'><strong>ad</strong></span> 
     </span>
     <span class='ocr_line' id='line_1_12' title="bbox 74 1625 1241 1712; baseline -0.002 -22"><span class='ocrx_word' id='word_1_108' title='bbox 74 1628 187 1690; x_wconf 79' lang='lat' dir='ltr'><strong>silvam</strong></span> <span class='ocrx_word' id='word_1_109' title='bbox 208 1649 267 1710; x_wconf 89' lang='lat' dir='ltr'><strong>per</strong></span> <span class='ocrx_word' id='word_1_110' title='bbox 288 1647 385 1710; x_wconf 88' lang='lat' dir='ltr'><strong>quam</strong></span> <span class='ocrx_word' id='word_1_111' title='bbox 408 1625 536 1706; x_wconf 87' lang='lat' dir='ltr'><strong>venisti)</strong></span> <span class='ocrx_word' id='word_1_112' title='bbox 556 1633 583 1702; x_wconf 95' lang='grc'><strong>1,</strong></span> <span class='ocrx_word' id='word_1_113' title='bbox 604 1633 633 1687; x_wconf 85' lang='grc'><strong>0.</strong></span> <span class='ocrx_word' id='word_1_114' title='bbox 657 1626 840 1711; x_wconf 77' lang='lat' dir='ltr'><strong>tiawydost</strong></span> <span class='ocrx_word' id='word_1_115' title='bbox 853 1626 1072 1712; x_wconf 71' lang='lat' dir='ltr'><strong>kynnedffyr</strong></span> <span class='ocrx_word' id='word_1_116' title='bbox 1087 1647 1180 1690; x_wconf 78' lang='lat' dir='ltr'><strong>ouon.</strong></span> <span class='ocrx_word' id='word_1_117' title='bbox 1198 1647 1241 1710; x_wconf 77' lang='grc'><strong>119</strong></span> 
     </span>
     <span class='ocr_line' id='line_1_13' title="bbox 73 1727 1242 1818; baseline -0.002 -22"><span class='ocrx_word' id='word_1_118' title='bbox 73 1733 131 1796; x_wconf 77' lang='lat' dir='ltr'><strong>eiu</strong></span> <span class='ocrx_word' id='word_1_119' title='bbox 143 1734 203 1796; x_wconf 81' lang='lat' dir='ltr'><strong>neb</strong></span> <span class='ocrx_word' id='word_1_120' title='bbox 221 1740 315 1818; x_wconf 70' lang='lat' dir='ltr'><strong>rynel</strong></span> <span class='ocrx_word' id='word_1_121' title='bbox 328 1727 456 1816; x_wconf 74' lang='lat' dir='ltr'><strong>drrdydi</strong></span> <span class='ocrx_word' id='word_1_122' title='bbox 466 1736 517 1813; x_wconf 87' lang='lat' dir='ltr'><strong>(tu</strong></span> <span class='ocrx_word' id='word_1_123' title='bbox 532 1732 592 1796; x_wconf 82' lang='lat' dir='ltr'><strong>sois</strong></span> <span class='ocrx_word' id='word_1_124' title='bbox 608 1731 752 1794; x_wconf 86' lang='lat' dir='ltr'><strong>habitum</strong></span> <span class='ocrx_word' id='word_1_125' title='bbox 767 1731 868 1808; x_wconf 88' lang='lat' dir='ltr'><strong>fluvii,</strong></span> <span class='ocrx_word' id='word_1_126' title='bbox 883 1753 976 1796; x_wconf 88' lang='lat' dir='ltr'><strong>nemo</strong></span> <span class='ocrx_word' id='word_1_127' title='bbox 990 1743 1095 1818; x_wconf 84' lang='lat' dir='ltr'><strong>potest</strong></span> <span class='ocrx_word' id='word_1_128' title='bbox 1110 1731 1242 1796; x_wconf 86' lang='lat' dir='ltr'><strong>transire</strong></span> 
     </span>
     <span class='ocr_line' id='line_1_14' title="bbox 72 1837 580 1922; baseline -0.002 -21"><span class='ocrx_word' id='word_1_129' title='bbox 72 1861 128 1922; x_wconf 88' lang='lat' dir='ltr'><strong>per</strong></span> <span class='ocrx_word' id='word_1_130' title='bbox 143 1861 240 1912; x_wconf 84' lang='lat' dir='ltr'><strong>eum3</strong></span> <span class='ocrx_word' id='word_1_131' title='bbox 258 1861 352 1914; x_wconf 77' lang='lat' dir='ltr'><strong>anon,</strong></span> <span class='ocrx_word' id='word_1_132' title='bbox 371 1837 462 1920; x_wconf 82' lang='lat' dir='ltr'><strong>fem.)</strong></span> <span class='ocrx_word' id='word_1_133' title='bbox 479 1845 509 1914; x_wconf 90' lang='lat'><strong>3,</strong></span> <span class='ocrx_word' id='word_1_134' title='bbox 528 1843 580 1900; x_wconf 99' lang='grc'><strong>94.</strong></span> 
     </span>
    </p>

    <p class='ocr_par' dir='ltr' id='par_1_4' title="bbox 73 1943 1243 2452">
     <span class='ocr_line' id='line_1_15' title="bbox 160 1943 1243 2028; baseline -0.001 -20"><span class='ocrx_word' id='word_1_135' title='bbox 160 1943 339 2008; x_wconf 84' lang='lat' dir='ltr'><strong>Cornica</strong></span> <span class='ocrx_word' id='word_1_136' title='bbox 360 1955 393 2006; x_wconf 90' lang='lat' dir='ltr'><strong>et</strong></span> <span class='ocrx_word' id='word_1_137' title='bbox 414 1943 609 2006; x_wconf 87' lang='lat' dir='ltr'><strong>armorica</strong></span> <span class='ocrx_word' id='word_1_138' title='bbox 630 1943 791 2028; x_wconf 88' lang='lat' dir='ltr'><strong>primitiva</strong></span> <span class='ocrx_word' id='word_1_139' title='bbox 805 1943 905 2007; x_wconf 87' lang='lat' dir='ltr'><strong>forma</strong></span> <span class='ocrx_word' id='word_1_140' title='bbox 920 1943 1009 2007; x_wconf 87' lang='lat' dir='ltr'><strong>TRE</strong></span> <span class='ocrx_word' id='word_1_141' title='bbox 1024 1943 1058 2007; x_wconf 92' lang='lat' dir='ltr'><strong>in</strong></span> <span class='ocrx_word' id='word_1_142' title='bbox 1070 1943 1243 2008; x_wconf 86' lang='lat' dir='ltr'><strong>recentiore</strong></span> 
     </span>
     <span class='ocr_line' id='line_1_16' title="bbox 73 2049 1241 2134; baseline -0.003 -20"><span class='ocrx_word' id='word_1_143' title='bbox 73 2051 187 2134; x_wconf 86' lang='lat' dir='ltr'><strong>lingua</strong></span> <span class='ocrx_word' id='word_1_144' title='bbox 205 2051 276 2134; x_wconf 90' lang='lat' dir='ltr'><strong>jam</strong></span> <span class='ocrx_word' id='word_1_145' title='bbox 298 2071 422 2133; x_wconf 87' lang='lat' dir='ltr'><strong>semper</strong></span> <span class='ocrx_word' id='word_1_146' title='bbox 442 2059 491 2112; x_wconf 87' lang='lat' dir='ltr'><strong>eat</strong></span> <span class='ocrx_word' id='word_1_147' title='bbox 513 2051 616 2114; x_wconf 88' lang='lat' dir='ltr'><strong>DRE.</strong></span> <span class='ocrx_word' id='word_1_148' title='bbox 645 2049 810 2113; x_wconf 88' lang='lat' dir='ltr'><strong>Vetustior</strong></span> <span class='ocrx_word' id='word_1_149' title='bbox 831 2071 945 2112; x_wconf 91' lang='lat' dir='ltr'><strong>armor.</strong></span> <span class='ocrx_word' id='word_1_150' title='bbox 971 2059 1034 2128; x_wconf 78' lang='lat' dir='ltr'><strong>ire,</strong></span> <span class='ocrx_word' id='word_1_151' title='bbox 1059 2049 1241 2134; x_wconf 88' lang='lat' dir='ltr'><strong>significans</strong></span> 
     </span>
     <span class='ocr_line' id='line_1_17' title="bbox 75 2154 1242 2240; baseline -0.003 -19"><span class='ocrx_word' id='word_1_152' title='bbox 75 2168 183 2221; x_wconf 88' lang='lat' dir='ltr'><strong>tamen</strong></span> <span class='ocrx_word' id='word_1_153' title='bbox 212 2155 338 2220; x_wconf 84' lang='lat' dir='ltr'><strong>hibern.</strong></span> <span class='ocrx_word' id='word_1_154' title='bbox 364 2165 416 2220; x_wconf 82' lang='lat' dir='ltr'><strong>ter</strong></span> <span class='ocrx_word' id='word_1_155' title='bbox 439 2158 566 2239; x_wconf 88' lang='lat' dir='ltr'><strong>(trans),</strong></span> <span class='ocrx_word' id='word_1_156' title='bbox 586 2165 690 2218; x_wconf 87' lang='lat' dir='ltr'><strong>exstat</strong></span> <span class='ocrx_word' id='word_1_157' title='bbox 710 2156 744 2218; x_wconf 93' lang='lat' dir='ltr'><strong>in</strong></span> <span class='ocrx_word' id='word_1_158' title='bbox 765 2155 894 2218; x_wconf 88' lang='lat' dir='ltr'><strong>nomine</strong></span> <span class='ocrx_word' id='word_1_159' title='bbox 914 2155 1052 2240; x_wconf 86' lang='lat' dir='ltr'><strong>regionis</strong></span> <span class='ocrx_word' id='word_1_160' title='bbox 1073 2154 1242 2218; x_wconf 82' lang='lat' dir='ltr'><strong>armoricae</strong></span> 
     </span>
     <span class='ocr_line' id='line_1_18' title="bbox 75 2259 1241 2346; baseline -0.001 -19"><span class='ocrx_word' id='word_1_161' title='bbox 75 2263 267 2342; x_wconf 74' lang='lat' dir='ltr'><strong>Routrecoet</strong></span> <span class='ocrx_word' id='word_1_162' title='bbox 285 2263 321 2324; x_wconf 93' lang='lat' dir='ltr'><strong>in</strong></span> <span class='ocrx_word' id='word_1_163' title='bbox 336 2261 527 2324; x_wconf 83' lang='lat' dir='ltr'><strong>chartulario</strong></span> <span class='ocrx_word' id='word_1_164' title='bbox 542 2261 760 2339; x_wconf 80' lang='lat' dir='ltr'><strong>Rhodonensi,</strong></span> <span class='ocrx_word' id='word_1_165' title='bbox 779 2281 859 2346; x_wconf 86' lang='lat' dir='ltr'><strong>quae</strong></span> <span class='ocrx_word' id='word_1_166' title='bbox 877 2259 911 2325; x_wconf 91' lang='lat' dir='ltr'><strong>in</strong></span> <span class='ocrx_word' id='word_1_167' title='bbox 927 2261 1037 2326; x_wconf 88' lang='lat' dir='ltr'><strong>eodem</strong></span> <span class='ocrx_word' id='word_1_168' title='bbox 1052 2261 1150 2326; x_wconf 88' lang='lat' dir='ltr'><strong>latine</strong></span> <span class='ocrx_word' id='word_1_169' title='bbox 1166 2261 1241 2326; x_wconf 91' lang='lat' dir='ltr'><strong>dici·</strong></span> 
     </span>
     <span class='ocr_line' id='line_1_19' title="bbox 77 2367 707 2452; baseline -0.002 -21"><span class='ocrx_word' id='word_1_170' title='bbox 77 2379 246 2452; x_wconf 74' lang='lat' dir='ltr'><strong>nuperque</strong></span> <span class='ocrx_word' id='word_1_171' title='bbox 263 2375 351 2432; x_wconf 82' lang='lat' dir='ltr'><strong>trans</strong></span> <span class='ocrx_word' id='word_1_172' title='bbox 366 2367 478 2431; x_wconf 79' lang='lat' dir='ltr'><strong>siloam</strong></span> <span class='ocrx_word' id='word_1_173' title='bbox 495 2367 549 2448; x_wconf 83' lang='lat' dir='ltr'><strong>(cf.</strong></span> <span class='ocrx_word' id='word_1_174' title='bbox 566 2389 599 2451; x_wconf 94' lang='lat' dir='ltr'><strong>p.</strong></span> <span class='ocrx_word' id='word_1_175' title='bbox 621 2373 707 2452; x_wconf 91' lang='grc'><strong>159).</strong></span> 
     </span>
    </p>

    <p class='ocr_par' dir='ltr' id='par_1_5' title="bbox 69 2472 1244 3298">
     <span class='ocr_line' id='line_1_20' title="bbox 159 2472 1242 2561; baseline 0.001 -24"><span class='ocrx_word' id='word_1_176' title='bbox 159 2473 300 2538; x_wconf 86' lang='lat' dir='ltr'><strong>Cornica</strong></span> <span class='ocrx_word' id='word_1_177' title='bbox 322 2472 467 2558; x_wconf 86' lang='lat' dir='ltr'><strong>exempla</strong></span> <span class='ocrx_word' id='word_1_178' title='bbox 482 2493 499 2536; x_wconf 89' lang='lat' dir='ltr'><strong>e</strong></span> <span class='ocrx_word' id='word_1_179' title='bbox 515 2473 625 2536; x_wconf 74' lang='lat' dir='ltr'><strong>Pasa:</strong></span> <span class='ocrx_word' id='word_1_180' title='bbox 651 2475 708 2537; x_wconf 84' lang='lat' dir='ltr'><strong>dre</strong></span> <span class='ocrx_word' id='word_1_181' title='bbox 727 2473 831 2558; x_wconf 69' lang='grc'><strong>911111</strong></span> <span class='ocrx_word' id='word_1_182' title='bbox 853 2497 874 2539; x_wconf 85' lang='lat' dir='ltr'><strong>o</strong></span> <span class='ocrx_word' id='word_1_183' title='bbox 896 2475 1013 2560; x_wconf 72' lang='lat' dir='ltr'><strong>acupha</strong></span> <span class='ocrx_word' id='word_1_184' title='bbox 1035 2475 1091 2539; x_wconf 85' lang='lat' dir='ltr'><strong>dre</strong></span> <span class='ocrx_word' id='word_1_185' title='bbox 1103 2473 1242 2561; x_wconf 73' lang='grc'><strong>91111119</strong></span> 
     </span>
     <span class='ocr_line' id='line_1_21' title="bbox 69 2577 1242 2667; baseline 0.001 -24"><span class='ocrx_word' id='word_1_186' title='bbox 69 2581 147 2664; x_wconf 78' lang='lat' dir='ltr'><strong>fytlt</strong></span> <span class='ocrx_word' id='word_1_187' title='bbox 168 2579 274 2664; x_wconf 78' lang='lat' dir='ltr'><strong>lcthya</strong></span> <span class='ocrx_word' id='word_1_188' title='bbox 295 2577 414 2662; x_wconf 85' lang='lat' dir='ltr'><strong>(gladio</strong></span> <span class='ocrx_word' id='word_1_189' title='bbox 437 2577 491 2662; x_wconf 90' lang='lat' dir='ltr'><strong>qui</strong></span> <span class='ocrx_word' id='word_1_190' title='bbox 513 2589 673 2662; x_wconf 86' lang='lat' dir='ltr'><strong>grassatur</strong></span> <span class='ocrx_word' id='word_1_191' title='bbox 693 2579 799 2662; x_wconf 85' lang='lat' dir='ltr'><strong>gladio</strong></span> <span class='ocrx_word' id='word_1_192' title='bbox 820 2581 993 2662; x_wconf 84' lang='lat' dir='ltr'><strong>occidetur)</strong></span> <span class='ocrx_word' id='word_1_193' title='bbox 1011 2587 1067 2658; x_wconf 85' lang='grc'><strong>72,</strong></span> <span class='ocrx_word' id='word_1_194' title='bbox 1088 2587 1117 2644; x_wconf 97' lang='grc'><strong>2.</strong></span> <span class='ocrx_word' id='word_1_195' title='bbox 1144 2585 1200 2647; x_wconf 78' lang='lat' dir='ltr'><strong>dre</strong></span> <span class='ocrx_word' id='word_1_196' title='bbox 1221 2605 1242 2667; x_wconf 92' lang='grc'><strong>9</strong></span> 
     </span>
     <span class='ocr_line' id='line_1_22' title="bbox 76 2683 1242 2774; baseline 0.003 -26"><span class='ocrx_word' id='word_1_197' title='bbox 76 2687 195 2772; x_wconf 70' lang='lat' dir='ltr'><strong>alyanr</strong></span> <span class='ocrx_word' id='word_1_198' title='bbox 213 2686 299 2747; x_wconf 78' lang='lat' dir='ltr'><strong>bras.</strong></span> <span class='ocrx_word' id='word_1_199' title='bbox 315 2685 371 2747; x_wconf 84' lang='lat' dir='ltr'><strong>dre</strong></span> <span class='ocrx_word' id='word_1_200' title='bbox 385 2707 406 2769; x_wconf 88' lang='grc'><strong>9</strong></span> <span class='ocrx_word' id='word_1_201' title='bbox 423 2683 558 2748; x_wconf 72' lang='grc'><strong>1191111111·</strong></span> <span class='ocrx_word' id='word_1_202' title='bbox 573 2689 642 2768; x_wconf 84' lang='lat' dir='ltr'><strong>(per</strong></span> <span class='ocrx_word' id='word_1_203' title='bbox 657 2686 822 2750; x_wconf 87' lang='lat' dir='ltr'><strong>scientiam</strong></span> <span class='ocrx_word' id='word_1_204' title='bbox 838 2707 928 2752; x_wconf 89' lang='lat' dir='ltr'><strong>suam</strong></span> <span class='ocrx_word' id='word_1_205' title='bbox 943 2709 1103 2771; x_wconf 84' lang='lat' dir='ltr'><strong>magnam,</strong></span> <span class='ocrx_word' id='word_1_206' title='bbox 1118 2709 1174 2774; x_wconf 89' lang='lat' dir='ltr'><strong>per</strong></span> <span class='ocrx_word' id='word_1_207' title='bbox 1188 2691 1242 2752; x_wconf 93' lang='lat' dir='ltr'><strong>bo-</strong></span> 
     </span>
     <span class='ocr_line' id='line_1_23' title="bbox 78 2787 1243 2874; baseline 0.002 -20"><span class='ocrx_word' id='word_1_208' title='bbox 78 2789 213 2854; x_wconf 86' lang='lat' dir='ltr'><strong>nitatem</strong></span> <span class='ocrx_word' id='word_1_209' title='bbox 235 2794 341 2871; x_wconf 87' lang='lat' dir='ltr'><strong>suam)</strong></span> <span class='ocrx_word' id='word_1_210' title='bbox 360 2797 397 2865; x_wconf 85' lang='lat'><strong>3,</strong></span> <span class='ocrx_word' id='word_1_211' title='bbox 416 2793 446 2851; x_wconf 83' lang='lat'><strong>2.</strong></span> <span class='ocrx_word' id='word_1_212' title='bbox 467 2795 496 2852; x_wconf 92' lang='grc'><strong>3.</strong></span> <span class='ocrx_word' id='word_1_213' title='bbox 535 2789 668 2874; x_wconf 85' lang='lat' dir='ltr'><strong>Legitur</strong></span> <span class='ocrx_word' id='word_1_214' title='bbox 688 2803 762 2856; x_wconf 89' lang='lat' dir='ltr'><strong>ante</strong></span> <span class='ocrx_word' id='word_1_215' title='bbox 785 2791 955 2857; x_wconf 88' lang='lat' dir='ltr'><strong>articulum</strong></span> <span class='ocrx_word' id='word_1_216' title='bbox 977 2793 1010 2856; x_wconf 91' lang='lat' dir='ltr'><strong>in</strong></span> <span class='ocrx_word' id='word_1_217' title='bbox 1032 2793 1141 2856; x_wconf 85' lang='lat' dir='ltr'><strong>eodem</strong></span> <span class='ocrx_word' id='word_1_218' title='bbox 1164 2787 1243 2856; x_wconf 89' lang='lat' dir='ltr'><strong>libro</strong></span> 
     </span>
     <span class='ocr_line' id='line_1_24' title="bbox 78 2895 1243 2983; baseline 0.001 -25"><span class='ocrx_word' id='word_1_219' title='bbox 78 2895 172 2959; x_wconf 86' lang='lat' dir='ltr'><strong>etiam</strong></span> <span class='ocrx_word' id='word_1_220' title='bbox 195 2895 299 2960; x_wconf 87' lang='lat' dir='ltr'><strong>forma</strong></span> <span class='ocrx_word' id='word_1_221' title='bbox 320 2905 413 2958; x_wconf 85' lang='lat' dir='ltr'><strong>aucta</strong></span> <span class='ocrx_word' id='word_1_222' title='bbox 435 2895 503 2958; x_wconf 80' lang='lat' dir='ltr'><strong>dria</strong></span> <span class='ocrx_word' id='word_1_223' title='bbox 519 2897 573 2975; x_wconf 85' lang='lat' dir='ltr'><strong>(cs.</strong></span> <span class='ocrx_word' id='word_1_224' title='bbox 591 2895 674 2960; x_wconf 88' lang='lat' dir='ltr'><strong>infra</strong></span> <span class='ocrx_word' id='word_1_225' title='bbox 697 2905 775 2975; x_wconf 80' lang='lat' dir='ltr'><strong>trus,</strong></span> <span class='ocrx_word' id='word_1_226' title='bbox 794 2899 877 2981; x_wconf 76' lang='grc'><strong>(1111)</strong></span> <span class='ocrx_word' id='word_1_227' title='bbox 892 2899 976 2961; x_wconf 90' lang='lat' dir='ltr'><strong>idem</strong></span> <span class='ocrx_word' id='word_1_228' title='bbox 998 2897 1198 2980; x_wconf 85' lang='lat' dir='ltr'><strong>significans:</strong></span> <span class='ocrx_word' id='word_1_229' title='bbox 1222 2920 1243 2983; x_wconf 94' lang='grc'><strong>9</strong></span> 
     </span>
     <span class='ocr_line' id='line_1_25' title="bbox 74 3000 1244 3090; baseline 0.003 -26"><span class='ocrx_word' id='word_1_230' title='bbox 74 3001 138 3083; x_wconf 81' lang='lat' dir='ltr'><strong>pub</strong></span> <span class='ocrx_word' id='word_1_231' title='bbox 159 3001 269 3086; x_wconf 73' lang='lat' dir='ltr'><strong>dyller</strong></span> <span class='ocrx_word' id='word_1_232' title='bbox 289 3000 358 3064; x_wconf 76' lang='lat' dir='ltr'><strong>dria</strong></span> <span class='ocrx_word' id='word_1_233' title='bbox 380 3021 422 3064; x_wconf 81' lang='lat' dir='ltr'><strong>an</strong></span> <span class='ocrx_word' id='word_1_234' title='bbox 444 3023 498 3064; x_wconf 85' lang='lat' dir='ltr'><strong>vro</strong></span> <span class='ocrx_word' id='word_1_235' title='bbox 514 3001 562 3082; x_wconf 87' lang='lat' dir='ltr'><strong>(in</strong></span> <span class='ocrx_word' id='word_1_236' title='bbox 578 3001 688 3085; x_wconf 86' lang='lat' dir='ltr'><strong>quovis</strong></span> <span class='ocrx_word' id='word_1_237' title='bbox 703 3004 772 3066; x_wconf 89' lang='lat' dir='ltr'><strong>loco</strong></span> <span class='ocrx_word' id='word_1_238' title='bbox 787 3027 843 3088; x_wconf 91' lang='lat' dir='ltr'><strong>per</strong></span> <span class='ocrx_word' id='word_1_239' title='bbox 858 3008 987 3087; x_wconf 86' lang='lat' dir='ltr'><strong>terram)</strong></span> <span class='ocrx_word' id='word_1_240' title='bbox 1005 3009 1077 3082; x_wconf 82' lang='grc'><strong>200,</strong></span> <span class='ocrx_word' id='word_1_241' title='bbox 1098 3009 1127 3066; x_wconf 92' lang='grc'><strong>2.</strong></span> <span class='ocrx_word' id='word_1_242' title='bbox 1152 3013 1244 3090; x_wconf 69' lang='grc'><strong>110191</strong></span> 
     </span>
     <span class='ocr_line' id='line_1_26' title="bbox 81 3105 1240 3196; baseline 0.002 -28"><span class='ocrx_word' id='word_1_243' title='bbox 81 3107 154 3191; x_wconf 69' lang='lat' dir='ltr'><strong>drys</strong></span> <span class='ocrx_word' id='word_1_244' title='bbox 175 3129 220 3170; x_wconf 84' lang='lat' dir='ltr'><strong>an</strong></span> <span class='ocrx_word' id='word_1_245' title='bbox 243 3107 323 3170; x_wconf 76' lang='lat' dir='ltr'><strong>aclas</strong></span> <span class='ocrx_word' id='word_1_246' title='bbox 339 3105 515 3187; x_wconf 87' lang='lat' dir='ltr'><strong>(notificare</strong></span> <span class='ocrx_word' id='word_1_247' title='bbox 535 3129 592 3190; x_wconf 89' lang='lat' dir='ltr'><strong>per</strong></span> <span class='ocrx_word' id='word_1_248' title='bbox 613 3107 788 3192; x_wconf 84' lang='lat' dir='ltr'><strong>regionem)</strong></span> <span class='ocrx_word' id='word_1_249' title='bbox 806 3116 879 3186; x_wconf 91' lang='grc'><strong>249,</strong></span> <span class='ocrx_word' id='word_1_250' title='bbox 900 3115 929 3173; x_wconf 88' lang='grc'><strong>3.</strong></span> <span class='ocrx_word' id='word_1_251' title='bbox 952 3109 1021 3173; x_wconf 77' lang='lat' dir='ltr'><strong>dria</strong></span> <span class='ocrx_word' id='word_1_252' title='bbox 1044 3131 1085 3172; x_wconf 84' lang='lat' dir='ltr'><strong>an</strong></span> <span class='ocrx_word' id='word_1_253' title='bbox 1109 3110 1164 3196; x_wconf 82' lang='lat' dir='ltr'><strong>bys</strong></span> <span class='ocrx_word' id='word_1_254' title='bbox 1187 3109 1240 3172; x_wconf 84' lang='lat' dir='ltr'><strong>cll.</strong></span> 
     </span>
     <span class='ocr_line' id='line_1_27' title="bbox 80 3211 1012 3298; baseline 0.004 -25"><span class='ocrx_word' id='word_1_255' title='bbox 80 3211 146 3276; x_wconf 79' lang='lat' dir='ltr'><strong>dria</strong></span> <span class='ocrx_word' id='word_1_256' title='bbox 162 3211 211 3275; x_wconf 80' lang='lat' dir='ltr'><strong>on</strong></span> <span class='ocrx_word' id='word_1_257' title='bbox 223 3233 267 3274; x_wconf 83' lang='lat' dir='ltr'><strong>an</strong></span> <span class='ocrx_word' id='word_1_258' title='bbox 283 3212 338 3296; x_wconf 78' lang='grc'><strong>191</strong></span> <span class='ocrx_word' id='word_1_259' title='bbox 354 3215 565 3296; x_wconf 88' lang='lat' dir='ltr'><strong>(peromnem</strong></span> <span class='ocrx_word' id='word_1_260' title='bbox 580 3215 751 3298; x_wconf 86' lang='lat' dir='ltr'><strong>mundum)</strong></span> <span class='ocrx_word' id='word_1_261' title='bbox 770 3221 820 3292; x_wconf 86' lang='grc'><strong>31,</strong></span> <span class='ocrx_word' id='word_1_262' title='bbox 841 3219 869 3278; x_wconf 89' lang='grc'><strong>2.</strong></span> <span class='ocrx_word' id='word_1_263' title='bbox 890 3219 963 3291; x_wconf 95' lang='grc'><strong>200,</strong></span> <span class='ocrx_word' id='word_1_264' title='bbox 983 3221 1012 3278; x_wconf 90' lang='grc'><strong>2.</strong></span> 
     </span>
    </p>

    <p class='ocr_par' dir='ltr' id='par_1_6' title="bbox 82 3317 1246 3929">
     <span class='ocr_line' id='line_1_28' title="bbox 162 3317 1246 3404; baseline 0.001 -22"><span class='ocrx_word' id='word_1_265' title='bbox 162 3319 249 3382; x_wconf 86' lang='lat' dir='ltr'><strong>Cum</strong></span> <span class='ocrx_word' id='word_1_266' title='bbox 264 3317 505 3401; x_wconf 89' lang='lat' dir='ltr'><strong>pronominibus</strong></span> <span class='ocrx_word' id='word_1_267' title='bbox 521 3318 644 3382; x_wconf 84' lang='lat' dir='ltr'><strong>suffixis</strong></span> <span class='ocrx_word' id='word_1_268' title='bbox 656 3317 810 3383; x_wconf 80' lang='lat' dir='ltr'><strong>formulae</strong></span> <span class='ocrx_word' id='word_1_269' title='bbox 822 3321 992 3404; x_wconf 86' lang='lat' dir='ltr'><strong>quaedam:</strong></span> <span class='ocrx_word' id='word_1_270' title='bbox 1012 3321 1121 3386; x_wconf 75' lang='lat' dir='ltr'><strong>dretlto</strong></span> <span class='ocrx_word' id='word_1_271' title='bbox 1136 3319 1246 3384; x_wconf 76' lang='lat' dir='ltr'><strong>Christ</strong></span> 
     </span>
     <span class='ocr_line' id='line_1_29' title="bbox 82 3423 1242 3511; baseline 0.004 -28"><span class='ocrx_word' id='word_1_272' title='bbox 82 3441 152 3506; x_wconf 82' lang='lat' dir='ltr'><strong>moy</strong></span> <span class='ocrx_word' id='word_1_273' title='bbox 165 3423 210 3506; x_wconf 83' lang='lat' dir='ltr'><strong>se</strong></span> <span class='ocrx_word' id='word_1_274' title='bbox 231 3423 341 3508; x_wconf 80' lang='lat' dir='ltr'><strong>dresys</strong></span> <span class='ocrx_word' id='word_1_275' title='bbox 363 3427 434 3507; x_wconf 83' lang='lat' dir='ltr'><strong>(per</strong></span> <span class='ocrx_word' id='word_1_276' title='bbox 456 3445 540 3499; x_wconf 91' lang='lat' dir='ltr'><strong>eum,</strong></span> <span class='ocrx_word' id='word_1_277' title='bbox 566 3423 732 3507; x_wconf 87' lang='lat' dir='ltr'><strong>Caipham,</strong></span> <span class='ocrx_word' id='word_1_278' title='bbox 751 3423 897 3489; x_wconf 87' lang='lat' dir='ltr'><strong>Christus</strong></span> <span class='ocrx_word' id='word_1_279' title='bbox 918 3437 956 3489; x_wconf 88' lang='lat' dir='ltr'><strong>ut</strong></span> <span class='ocrx_word' id='word_1_280' title='bbox 975 3437 1057 3490; x_wconf 84' lang='lat' dir='ltr'><strong>esset</strong></span> <span class='ocrx_word' id='word_1_281' title='bbox 1080 3429 1242 3511; x_wconf 86' lang='lat' dir='ltr'><strong>probatus,</strong></span> 
     </span>
     <span class='ocr_line' id='line_1_30' title="bbox 83 3525 1244 3618; baseline 0.006 -30"><span class='ocrx_word' id='word_1_282' title='bbox 83 3537 119 3588; x_wconf 87' lang='lat' dir='ltr'><strong>ut</strong></span> <span class='ocrx_word' id='word_1_283' title='bbox 132 3525 345 3611; x_wconf 90' lang='lat' dir='ltr'><strong>inquireretur</strong></span> <span class='ocrx_word' id='word_1_284' title='bbox 360 3528 395 3592; x_wconf 91' lang='lat' dir='ltr'><strong>in</strong></span> <span class='ocrx_word' id='word_1_285' title='bbox 410 3534 497 3613; x_wconf 88' lang='lat' dir='ltr'><strong>eum)</strong></span> <span class='ocrx_word' id='word_1_286' title='bbox 511 3531 600 3593; x_wconf 81' lang='lat' dir='ltr'><strong>Pasa.</strong></span> <span class='ocrx_word' id='word_1_287' title='bbox 617 3535 669 3606; x_wconf 87' lang='grc'><strong>88,</strong></span> <span class='ocrx_word' id='word_1_288' title='bbox 686 3535 715 3591; x_wconf 93' lang='grc'><strong>3.</strong></span> <span class='ocrx_word' id='word_1_289' title='bbox 733 3552 775 3592; x_wconf 84' lang='lat' dir='ltr'><strong>an</strong></span> <span class='ocrx_word' id='word_1_290' title='bbox 791 3531 876 3594; x_wconf 78' lang='lat' dir='ltr'><strong>orell</strong></span> <span class='ocrx_word' id='word_1_291' title='bbox 888 3533 1032 3617; x_wconf 77' lang='lat' dir='ltr'><strong>devetdys</strong></span> <span class='ocrx_word' id='word_1_292' title='bbox 1048 3531 1160 3618; x_wconf 75' lang='lat' dir='ltr'><strong>drethy</strong></span> <span class='ocrx_word' id='word_1_293' title='bbox 1177 3535 1244 3615; x_wconf 89' lang='lat' dir='ltr'><strong>(po-</strong></span> 
     </span>
     <span class='ocr_line' id='line_1_31' title="bbox 83 3631 1244 3722; baseline 0.005 -29"><span class='ocrx_word' id='word_1_294' title='bbox 83 3651 168 3694; x_wconf 89' lang='lat' dir='ltr'><strong>mum</strong></span> <span class='ocrx_word' id='word_1_295' title='bbox 186 3631 276 3695; x_wconf 83' lang='lat' dir='ltr'><strong>venit</strong></span> <span class='ocrx_word' id='word_1_296' title='bbox 299 3655 457 3717; x_wconf 85' lang='lat' dir='ltr'><strong>peream,</strong></span> <span class='ocrx_word' id='word_1_297' title='bbox 483 3655 523 3698; x_wconf 86' lang='lat' dir='ltr'><strong>ex</strong></span> <span class='ocrx_word' id='word_1_298' title='bbox 545 3657 592 3712; x_wconf 89' lang='lat' dir='ltr'><strong>ea,</strong></span> <span class='ocrx_word' id='word_1_299' title='bbox 617 3635 739 3717; x_wconf 86' lang='lat' dir='ltr'><strong>arbore)</strong></span> <span class='ocrx_word' id='word_1_300' title='bbox 760 3641 830 3712; x_wconf 87' lang='lat'>152,</span> <span class='ocrx_word' id='word_1_301' title='bbox 851 3645 881 3699; x_wconf 91' lang='grc'><strong>4.</strong></span> <span class='ocrx_word' id='word_1_302' title='bbox 904 3637 1080 3721; x_wconf 67' lang='grc'><strong>(1111109911</strong></span> <span class='ocrx_word' id='word_1_303' title='bbox 1101 3637 1173 3722; x_wconf 73' lang='lat' dir='ltr'><strong>why</strong></span> <span class='ocrx_word' id='word_1_304' title='bbox 1197 3638 1244 3699; x_wconf 84' lang='lat' dir='ltr'><strong>be·</strong></span> 
     </span>
     <span class='ocr_line' id='line_1_32' title="bbox 85 3733 1246 3830; baseline 0.004 -30"><span class='ocrx_word' id='word_1_305' title='bbox 85 3733 170 3800; x_wconf 71' lang='lat' dir='ltr'><strong>thena</strong></span> <span class='ocrx_word' id='word_1_306' title='bbox 192 3739 293 3823; x_wconf 74' lang='lat' dir='ltr'><strong>Iethys</strong></span> <span class='ocrx_word' id='word_1_307' title='bbox 310 3743 380 3823; x_wconf 89' lang='lat' dir='ltr'><strong>(per</strong></span> <span class='ocrx_word' id='word_1_308' title='bbox 400 3761 456 3803; x_wconf 88' lang='lat' dir='ltr'><strong>vos</strong></span> <span class='ocrx_word' id='word_1_309' title='bbox 476 3751 543 3803; x_wconf 88' lang='lat' dir='ltr'><strong>esto</strong></span> <span class='ocrx_word' id='word_1_310' title='bbox 566 3740 701 3823; x_wconf 86' lang='lat' dir='ltr'><strong>occisus)</strong></span> <span class='ocrx_word' id='word_1_311' title='bbox 721 3747 792 3818; x_wconf 90' lang='grc'><strong>142,</strong></span> <span class='ocrx_word' id='word_1_312' title='bbox 812 3749 841 3805; x_wconf 92' lang='grc'><strong>3.</strong></span> <span class='ocrx_word' id='word_1_313' title='bbox 867 3741 977 3807; x_wconf 81' lang='lat' dir='ltr'><strong>kenler</strong></span> <span class='ocrx_word' id='word_1_314' title='bbox 989 3743 1122 3830; x_wconf 71' lang='lat' dir='ltr'><strong>paysitis</strong></span> <span class='ocrx_word' id='word_1_315' title='bbox 1137 3741 1246 3808; x_wconf 79' lang='lat' dir='ltr'><strong>dretde</strong></span> 
     </span>
     <span class='ocr_line' id='line_1_33' title="bbox 86 3837 727 3929; baseline 0.008 -26"><span class='ocrx_word' id='word_1_316' title='bbox 86 3837 204 3920; x_wconf 80' lang='lat' dir='ltr'><strong>(clavus</strong></span> <span class='ocrx_word' id='word_1_317' title='bbox 218 3855 309 3906; x_wconf 75' lang='lat' dir='ltr'><strong>tems</strong></span> <span class='ocrx_word' id='word_1_318' title='bbox 324 3865 381 3928; x_wconf 88' lang='lat' dir='ltr'><strong>per</strong></span> <span class='ocrx_word' id='word_1_319' title='bbox 395 3865 459 3921; x_wconf 86' lang='lat' dir='ltr'><strong>eos,</strong></span> <span class='ocrx_word' id='word_1_320' title='bbox 477 3845 587 3929; x_wconf 87' lang='lat' dir='ltr'><strong>pedes)</strong></span> <span class='ocrx_word' id='word_1_321' title='bbox 607 3853 677 3922; x_wconf 85' lang='grc'><strong>179,</strong></span> <span class='ocrx_word' id='word_1_322' title='bbox 697 3853 727 3908; x_wconf 92' lang='grc'><strong>4.</strong></span> 
     </span>
    </p>

    <p class='ocr_par' dir='ltr' id='par_1_7' title="bbox 84 3949 1250 4353">
     <span class='ocr_line' id='line_1_34' title="bbox 168 3949 1246 4038; baseline 0.006 -27"><span class='ocrx_word' id='word_1_323' title='bbox 168 3949 327 4012; x_wconf 83' lang='lat' dir='ltr'><strong>Armorica</strong></span> <span class='ocrx_word' id='word_1_324' title='bbox 343 3971 360 4012; x_wconf 88' lang='lat' dir='ltr'><strong>e</strong></span> <span class='ocrx_word' id='word_1_325' title='bbox 376 3949 481 4012; x_wconf 88' lang='lat' dir='ltr'><strong>Buh.:</strong></span> <span class='ocrx_word' id='word_1_326' title='bbox 502 3951 559 4014; x_wconf 79' lang='lat' dir='ltr'><strong>dre</strong></span> <span class='ocrx_word' id='word_1_327' title='bbox 573 3959 660 4015; x_wconf 79' lang='lat' dir='ltr'><strong>caret</strong></span> <span class='ocrx_word' id='word_1_328' title='bbox 674 3953 741 4029; x_wconf 84' lang='lat' dir='ltr'><strong>doe,</strong></span> <span class='ocrx_word' id='word_1_329' title='bbox 757 3955 814 4016; x_wconf 84' lang='lat' dir='ltr'><strong>dre</strong></span> <span class='ocrx_word' id='word_1_330' title='bbox 828 3963 915 4018; x_wconf 81' lang='lat' dir='ltr'><strong>earet</strong></span> <span class='ocrx_word' id='word_1_331' title='bbox 930 3955 1009 4018; x_wconf 78' lang='lat' dir='ltr'><strong>douc</strong></span> <span class='ocrx_word' id='word_1_332' title='bbox 1024 3957 1093 4038; x_wconf 88' lang='lat' dir='ltr'><strong>(per</strong></span> <span class='ocrx_word' id='word_1_333' title='bbox 1108 3975 1246 4018; x_wconf 89' lang='lat' dir='ltr'><strong>amorem</strong></span> 
     </span>
     <span class='ocr_line' id='line_1_35' title="bbox 85 4051 1246 4142; baseline 0.009 -29"><span class='ocrx_word' id='word_1_334' title='bbox 85 4051 151 4132; x_wconf 90' lang='lat' dir='ltr'><strong>dei)</strong></span> <span class='ocrx_word' id='word_1_335' title='bbox 167 4059 215 4129; x_wconf 81' lang='grc'><strong>08,</strong></span> <span class='ocrx_word' id='word_1_336' title='bbox 236 4061 285 4116; x_wconf 88' lang='grc'><strong>17.</strong></span> <span class='ocrx_word' id='word_1_337' title='bbox 303 4061 355 4131; x_wconf 86' lang='grc'><strong>70,</strong></span> <span class='ocrx_word' id='word_1_338' title='bbox 374 4061 423 4117; x_wconf 83' lang='grc'><strong>17.</strong></span> <span class='ocrx_word' id='word_1_339' title='bbox 441 4077 484 4119; x_wconf 80' lang='lat' dir='ltr'><strong>an</strong></span> <span class='ocrx_word' id='word_1_340' title='bbox 498 4077 647 4119; x_wconf 79' lang='lat' dir='ltr'><strong>anconae</strong></span> <span class='ocrx_word' id='word_1_341' title='bbox 663 4058 738 4121; x_wconf 82' lang='lat' dir='ltr'><strong>duct</strong></span> <span class='ocrx_word' id='word_1_342' title='bbox 753 4060 809 4121; x_wconf 87' lang='lat' dir='ltr'><strong>dre</strong></span> <span class='ocrx_word' id='word_1_343' title='bbox 823 4059 905 4140; x_wconf 81' lang='lat' dir='ltr'><strong>splct</strong></span> <span class='ocrx_word' id='word_1_344' title='bbox 919 4083 960 4124; x_wconf 80' lang='lat' dir='ltr'><strong>an</strong></span> <span class='ocrx_word' id='word_1_345' title='bbox 969 4059 1132 4142; x_wconf 80' lang='lat' dir='ltr'><strong>pechedou</strong></span> <span class='ocrx_word' id='word_1_346' title='bbox 1148 4064 1246 4141; x_wconf 87' lang='lat' dir='ltr'><strong>(mors</strong></span> 
     </span>
     <span class='ocr_line' id='line_1_36' title="bbox 84 4155 1246 4244; baseline 0.009 -27"><span class='ocrx_word' id='word_1_347' title='bbox 84 4155 173 4218; x_wconf 80' lang='lat' dir='ltr'><strong>venit</strong></span> <span class='ocrx_word' id='word_1_348' title='bbox 197 4181 252 4242; x_wconf 84' lang='lat' dir='ltr'><strong>per</strong></span> <span class='ocrx_word' id='word_1_349' title='bbox 273 4159 515 4223; x_wconf 84' lang='lat' dir='ltr'><strong>multitudinem</strong></span> <span class='ocrx_word' id='word_1_350' title='bbox 535 4168 750 4244; x_wconf 90' lang='lat' dir='ltr'><strong>peccatorum)</strong></span> <span class='ocrx_word' id='word_1_351' title='bbox 769 4171 826 4241; x_wconf 91' lang='grc'><strong>10,</strong></span> <span class='ocrx_word' id='word_1_352' title='bbox 847 4169 876 4226; x_wconf 92' lang='grc'><strong>2.</strong></span> <span class='ocrx_word' id='word_1_353' title='bbox 915 4163 1081 4227; x_wconf 75' lang='lat' dir='ltr'><strong>connexio</strong></span> <span class='ocrx_word' id='word_1_354' title='bbox 1103 4185 1176 4226; x_wconf 89' lang='lat' dir='ltr'><strong>oum</strong></span> <span class='ocrx_word' id='word_1_355' title='bbox 1200 4187 1246 4228; x_wconf 92' lang='lat' dir='ltr'><strong>se-</strong></span> 
     </span>
     <span class='ocr_line' id='line_1_37' title="bbox 86 4263 1250 4353; baseline 0.009 -31"><span class='ocrx_word' id='word_1_356' title='bbox 86 4273 201 4342; x_wconf 86' lang='lat' dir='ltr'><strong>quente</strong></span> <span class='ocrx_word' id='word_1_357' title='bbox 222 4263 355 4327; x_wconf 86' lang='lat' dir='ltr'><strong>articulo</strong></span> <span class='ocrx_word' id='word_1_358' title='bbox 377 4265 428 4328; x_wconf 80' lang='lat' dir='ltr'><strong>rel</strong></span> <span class='ocrx_word' id='word_1_359' title='bbox 449 4267 636 4349; x_wconf 87' lang='lat' dir='ltr'><strong>pronomine</strong></span> <span class='ocrx_word' id='word_1_360' title='bbox 657 4270 751 4330; x_wconf 90' lang='lat' dir='ltr'><strong>modo</strong></span> <span class='ocrx_word' id='word_1_361' title='bbox 774 4271 862 4332; x_wconf 87' lang='lat' dir='ltr'><strong>adest</strong></span> <span class='ocrx_word' id='word_1_362' title='bbox 883 4271 977 4331; x_wconf 92' lang='lat' dir='ltr'><strong>modo</strong></span> <span class='ocrx_word' id='word_1_363' title='bbox 993 4271 1097 4332; x_wconf 88' lang='lat' dir='ltr'><strong>deest:</strong></span> <span class='ocrx_word' id='word_1_364' title='bbox 1123 4280 1250 4353; x_wconf 73' lang='lat' dir='ltr'><strong>quercet</strong></span> 
     </span>
    </p>
   </div>
   <div class='ocr_carea' id='block_1_3' title="bbox 86 4365 1248 4562">
    <p class='ocr_par' dir='ltr' id='par_1_8' title="bbox 86 4365 1248 4562">
     <span class='ocr_line' id='line_1_38' title="bbox 86 4365 1248 4470; baseline 0.009 -42"><span class='ocrx_word' id='word_1_365' title='bbox 86 4365 169 4428; x_wconf 77' lang='lat' dir='ltr'><strong>drea</strong></span> <span class='ocrx_word' id='word_1_366' title='bbox 181 4367 231 4430; x_wconf 82' lang='lat' dir='ltr'><strong>bro</strong></span> <span class='ocrx_word' id='word_1_367' title='bbox 242 4369 413 4452; x_wconf 89' lang='lat' dir='ltr'><strong>(proficisci</strong></span> <span class='ocrx_word' id='word_1_368' title='bbox 424 4393 481 4453; x_wconf 88' lang='lat' dir='ltr'><strong>per</strong></span> <span class='ocrx_word' id='word_1_369' title='bbox 492 4376 620 4470; x_wconf 81' lang='lat' dir='ltr'><strong>terram)</strong></span> <span class='ocrx_word' id='word_1_370' title='bbox 635 4377 665 4448; x_wconf 90' lang='grc'><strong>2,</strong></span> <span class='ocrx_word' id='word_1_371' title='bbox 678 4379 707 4434; x_wconf 91' lang='grc'><strong>6.</strong></span> <span class='ocrx_word' id='word_1_372' title='bbox 722 4395 772 4435; x_wconf 84' lang='lat' dir='ltr'><strong>me</strong></span> <span class='ocrx_word' id='word_1_373' title='bbox 783 4373 863 4436; x_wconf 80' lang='lat' dir='ltr'><strong>oielc</strong></span> <span class='ocrx_word' id='word_1_374' title='bbox 868 4383 961 4455; x_wconf 81' lang='lat' dir='ltr'><strong>preat</strong></span> <span class='ocrx_word' id='word_1_375' title='bbox 972 4375 1163 4458; x_wconf 80' lang='lat' dir='ltr'><strong>drenforest</strong></span> <span class='ocrx_word' id='word_1_376' title='bbox 1174 4397 1248 4438; x_wconf 85' lang='lat' dir='ltr'><strong>mon</strong></span> 
     </span>
     <span class='ocr_line' id='line_1_39' title="bbox 89 4467 1248 4562; baseline 0.011 -31"><span class='ocrx_word' id='word_1_377' title='bbox 89 4467 167 4548; x_wconf 88' lang='lat' dir='ltr'><strong>(ibo</strong></span> <span class='ocrx_word' id='word_1_378' title='bbox 189 4474 332 4538; x_wconf 86' lang='lat' dir='ltr'><strong>audacter</strong></span> <span class='ocrx_word' id='word_1_379' title='bbox 356 4495 413 4557; x_wconf 86' lang='lat' dir='ltr'><strong>per</strong></span> <span class='ocrx_word' id='word_1_380' title='bbox 438 4473 521 4538; x_wconf 89' lang='lat' dir='ltr'><strong>hane</strong></span> <span class='ocrx_word' id='word_1_381' title='bbox 547 4475 680 4558; x_wconf 84' lang='lat' dir='ltr'><strong>silvam)</strong></span> <span class='ocrx_word' id='word_1_382' title='bbox 704 4483 834 4553; x_wconf 85' lang='grc'><strong>34,15.</strong></span> <span class='ocrx_word' id='word_1_383' title='bbox 863 4479 956 4542; x_wconf 84' lang='lat' dir='ltr'><strong>dram</strong></span> <span class='ocrx_word' id='word_1_384' title='bbox 980 4479 1034 4557; x_wconf 73' lang='lat' dir='ltr'><strong>fet</strong></span> <span class='ocrx_word' id='word_1_385' title='bbox 1061 4481 1130 4562; x_wconf 79' lang='lat' dir='ltr'><strong>(per</strong></span> <span class='ocrx_word' id='word_1_386' title='bbox 1155 4483 1248 4544; x_wconf 87' lang='lat' dir='ltr'><strong>fidem</strong></span> 
     </span>
    </p>
   </div>
   <div class='ocr_carea' id='block_1_4' title="bbox 0 0 1540 5048">
    <p class='ocr_par' dir='ltr' id='par_1_9' title="bbox 0 0 1540 5048">
     <span class='ocr_line' id='line_1_40' title="bbox 0 0 1540 5048; baseline 0 0"><span class='ocrx_word' id='word_1_387' title='bbox 0 0 1540 5048; x_wconf 95' lang='lat' dir='ltr'><strong> </strong></span> 
     </span>
    </p>
   </div>
  </div>
 </body>
</html>
