2978 5054
247 316 308 378 Vl.
327 321 356 378 2.
386 333 611 378 cousuuucrro
626 333 764 378 comtos
781 331 997 376 uutusuumu.
1143 313 1206 374 959

128 485 297 548 Cornica
325 497 357 548 et
384 483 581 546 armorica
610 493 818 548 monumenta
837 483 961 566 politica
983 482 1156 546 vetustiora
1178 485 1204 546 ai

58 605 246 675 superessent,
262 590 459 653 hauddubie
475 589 571 652 etiam
587 589 753 653 affinitatis
769 611 845 652 suae
860 589 967 652 omnia
982 588 1074 672 signa
1085 612 1159 672 prae
1172 613 1205 652 sc

57 699 164 760 ferreut.
197 701 234 762 ln
256 695 484 759 recentioribus
508 697 596 759 deest
616 695 799 758 assonantia
818 695 962 770 initialis,
986 696 1075 758 adeat
1098 707 1204 760 taumn

56 803 142 866 adhuc
157 825 363 886 quaeeunque
380 802 442 865 alia
457 813 627 865 structura.

126 910 225 972 Etiam
247 910 282 972 in
306 907 467 972 hodiernis
490 905 683 970 carminibus
705 907 815 990 populi
831 907 987 982 armorici,
1005 929 1087 991 quae
1102 908 1203 972 virdo

55 1016 136 1079 literis
156 1015 316 1079 armoricis
337 1017 372 1078 in
394 1015 505 1098 primis
527 1014 671 1088 meritus,
690 1007 781 1095 eujus
797 1035 914 1076 nomon
929 1012 1140 1078 clarissimum
1156 1028 1203 1080 est

54 1123 102 1184 Tb.
115 1123 244 1184 Hersart
258 1123 299 1184 do
315 1121 347 1182 la
362 1121 590 1202 Villemarqub,
608 1119 736 1202 collegit
752 1129 784 1182 et
798 1119 909 1194 edidit,
926 1121 1109 1185 assonantia
1123 1123 1202 1184 lina-

54 1227 83 1288 lia
102 1227 221 1290 nonnisi
243 1226 464 1310 monosyllaba
486 1225 619 1289 obtinet.
649 1224 814 1288 'Perminat
833 1225 912 1288 duos
936 1245 1044 1288 versus
1065 1237 1121 1288 aut
1136 1248 1201 1288 ma-

50 1332 111 1412 joris
131 1333 266 1396 ambitus
286 1333 481 1416 syllabarum
504 1331 683 1406 duodecim,
703 1331 852 1394 tredecim
867 1331 919 1392 vel
934 1329 1128 1412 quindecim,
1146 1333 1201 1414 qui

53 1460 160 1502 eaesma
179 1439 212 1502 in
232 1438 340 1502 medio
358 1438 391 1499 iu
412 1439 475 1500 duo
490 1437 631 1500 membra
646 1436 740 1499 divisi
756 1435 869 1512 sunt*
885 1447 942 1500 aut
955 1435 1086 1500 minoris
1102 1437 1199 1500 ambi·

60 1613 238 1621 ---—---—.

52 1707 105 1759 ltem
117 1709 141 1760 iu
153 1711 269 1762 canuine
281 1709 356 1780 quod
366 1709 500 1764 Talicsino
513 1709 672 1764 attribuitur
684 1709 712 1762 in
722 1709 875 1763 narratione
884 1709 918 1762 de
928 1709 979 1762 hoc
992 1709 1079 1779 polita,
1091 1717 1118 1759 ct
1127 1709 1199 1777 quod

51 1791 127 1864 incipit
139 1795 222 1862 (llab.
238 1797 263 1858 3,
281 1793 359 1864 351)=

208 1903 213 1908 '
234 1895 285 1967 Es
293 1899 415 1950 aronaetlt
423 1903 526 1968 pontons
693 1897 800 1966 Aptara
814 1895 988 1966 eonnelynedd

234 1985 280 2035 Ar
293 1983 362 2035 lawr
373 1983 439 2052 qun
451 1983 546 2036 Ebron
691 1983 754 2035 Heu
759 1983 838 2052 sator
849 1983 987 2053 yrrsyelcdd

234 2069 275 2122 Αἱ
286 2069 388 2139 ddwylo
399 2069 541 2139 pwynnioa
693 2068 809 2122 Πειρη
820 2071 944 2139 porwcdd

274 2155 359 2208 Gtct'w
372 2155 418 2208 lua
429 2155 518 2208 Addo.
729 2153 786 2224 Cyn
800 2153 965 2208 caelamina.

29 2273 32 2278 ¹
49 2254 105 2308 Sunt
114 2256 190 2310 mirae
202 2275 282 2310 voces
295 2257 389 2310 finales
399 2257 530 2310 linearum
547 2256 740 2326 copulantium,
756 2264 787 2310 ut
798 2258 879 2309 Addo
898 2257 941 2326 (--
953 2258 1052 2330 Adam)
1074 2260 1101 2312 in
1120 2261 1197 2330 quiec

49 2339 83 2392 lua
93 2343 163 2394 Addo
176 2343 301 2414 (dignam
313 2344 426 2394 sormam
439 2341 546 2404 Adami,
562 2341 661 2394 creavit
673 2341 761 2412 deus),
775 2341 874 2394 latinae
887 2343 1053 2413 plerumque,
1064 2355 1095 2398 ut
1107 2346 1134 2397 in
1147 2366 1196 2415 epa

48 2425 190 2492 catoniana,
204 2437 233 2482 et
250 2428 279 2482 in
300 2427 492 2496 sequentibus:
511 2429 554 2478 Ar
571 2427 613 2480 dir
625 2427 714 2490 Assia,
728 2427 798 2496 Hya
815 2433 845 2480 at
855 2428 924 2496 Esa,
943 2429 1017 2482 Crr'at
1027 2431 1082 2498 sab
1093 2433 1193 2500 Ababa,

48 2513 101 2582 Hya
110 2517 228 2580 Sabrina,
252 2516 302 2570 Tir
315 2516 442 2582 Saurania,
462 2517 523 2568 Oua
531 2517 627 2586 prayllt
644 2515 731 2570 Walt'a
745 2514 809 2586 (leg.
824 2518 885 2587 ja).
912 2518 1093 2572 luvcniuntur
1106 2529 1194 2574 tamen

48 2597 128 2654 latinae
134 2611 244 2656 voceset
253 2603 321 2655 baec
330 2601 443 2654 triadica
452 2603 563 2672 stropha
571 2600 686 2654 etiamiu
694 2599 753 2653 aliis
762 2601 1066 2656 carminibusTaliesino
1075 2605 1193 2658 tributis.

100 2689 110 2713 ‘
127 2689 158 2742 E.
171 2708 211 2758 gr.
226 2689 255 2742 in
275 2695 387 2757 quartae
400 2687 526 2740 editionis
540 2685 628 2756 operis
641 2685 763 2754 inscripti
780 2683 1007 2740 “Borrae-Brea.
1035 2689 1136 2742 Chauts
1148 2709 1194 2760 po-

48 2769 143 2837 pulaires
160 2775 192 2826 de
210 2775 237 2826 la
250 2774 397 2842 Bretagne.
410 2772 471 2824 Par.
490 2769 575 2824 1816³²
591 2779 664 2824 tomo
678 2775 702 2836 2,
715 2790 742 2841 p.
756 2774 804 2824 ata
819 2771 956 2825 invenitur
973 2773 1058 2843 major
1070 2775 1194 2828 omnibus

47 2853 93 2906 aliis
103 2859 220 2923 ambitus,
236 2859 285 2929 qui
306 2867 347 2910 est
364 2857 436 2910 idem
454 2857 501 2927 qui
518 2857 624 2910 obtinet
641 2855 669 2908 in
681 2855 781 2926 hymno
796 2857 943 2910 Secundini
962 2857 989 2910 iu
1004 2859 1032 2912 S.
1047 2859 1193 2914 Patricium

48 2937 75 3006 (p.
85 2943 137 3012 920)
160 2945 329 3006 memmiae,
345 2937 423 3013 eujus'
435 2941 575 2995 exordium
589 2948 644 2995 ests
748 3011 751 3020 ,

171 3050 173 3058 ’
186 3049 236 3100 Ηα
249 3045 321 3100 dicul
333 3045 417 3098 cz'nlin
424 3063 463 3114 pa
475 3042 545 3096 mci:
559 3048 567 3112 ll
581 3049 655 3096 naorut
666 3045 699 3096 da
709 3061 759 3112 pau
770 3063 814 3096 ma
826 3047 910 3097 caoad
920 3065 948 3099 er
961 3065 1026 3110 estez,
1089 3055 1094 3062 '

187 3133 237 3185 Me
247 3133 323 3201 pave
334 3147 366 3182 aa
379 3131 443 3182 dona
455 3147 469 3182 o
482 3131 554 3182 leona
567 3130 575 3199 ll
590 3129 641 3197 lurp
655 3129 686 3182 da
697 3128 774 3182 anaia
787 3129 888 3183 diorcc'lr
901 3132 933 3184 le
942 3149 1025 3196 rnoez,

185 3218 235 3270 Me
247 3217 321 3286 pleae
333 3233 366 3268 aa
378 3217 441 3268 dous
453 3234 468 3268 o
481 3217 561 3280 karra,
577 3215 586 3284 ll
600 3215 670 3268 dana
680 3233 722 3284 pe,
737 3233 794 3268 war·
806 3233 835 3267 er
848 3233 945 3280 menen,

187 3303 238 3355 Ma
250 3321 292 3354 mc
303 3307 377 3354 mom
388 3302 422 3353 da
433 3301 503 3352 zecel
513 3317 561 3352 eur
572 3318 618 3352 zora
633 3305 641 3370 l
655 3319 669 3351 o
683 3301 753 3353 borsa
764 3299 861 3368 pontiti
871 3300 936 3353 icet.

46 3395 85 3450 Fut
100 3403 246 3457 resonantia
266 3401 420 3473 copulativa
441 3401 596 3455 continuata
616 3409 665 3472 per
684 3403 753 3455 banc
773 3403 920 3472 stropham,
935 3421 988 3457 non
1007 3407 1137 3458 tamenin
1152 3425 1191 3458 se.-

45 3485 176 3550 quentibus.
203 3489 276 3544 Sunt
292 3506 379 3560 pauca
398 3495 504 3542 tantum
524 3488 646 3560 ejusdem
665 3488 782 3542 ambitus
796 3505 856 3542 curn
870 3497 931 3542 octo
945 3489 1055 3561 syllabis
1068 3491 1095 3544 in
1109 3491 1190 3562 priori

45 3575 65 3616 et
78 3581 168 3640 reptem
186 3575 214 3628 in
231 3573 374 3645 posteriori
386 3574 506 3626 membro
520 3573 638 3626 carmina
652 3571 687 3642 (2,
703 3577 762 3625 232,
778 3573 849 3643 3³8).
875 3575 908 3626 ln
922 3575 1044 3645 pluribus
1057 3587 1120 3629 aunt
1134 3596 1191 3647 sop-

44 3657 86 3704 lern
97 3656 205 3724 syllabae
217 3660 246 3714 in
260 3659 355 3730 primo,
371 3675 418 3712 sex
431 3659 459 3711 in
473 3658 591 3712 secundo
604 3657 733 3720 membro,
750 3675 772 3709 e.
787 3675 828 3726 gr.
847 3661 868 3722 l,
885 3663 947 3712 237:

263 3761 333 3814 Etre
341 3779 438 3830 parret
451 3743 615 3829 Poulder'pat
626 3762 634 3829 11
648 3761 683 3811 ta
691 3778 788 3828 parrae
800 3759 918 3814 Plouare
980 3749 981 3752 Ἴ

264 3847 305 3900 Ea
317 3865 363 3900 aaz
376 3845 497 3899 mdteatil
505 3843 622 3913 rbmcaaq
636 3845 645 3914 ΙΙ
658 3863 673 3897 o
684 3847 753 3899 secel
763 3863 832 3899 euna
844 3863 928 3900 amne.

43 3935 124 3996 Rarius
135 3947 214 4000 iidem
225 3949 331 4002 numeri
341 3947 442 4002 inversi
453 3953 519 4001 sunt
533 3947 568 4017 (1,
583 3947 642 4017 272)
654 3968 661 4000 r

229 4052 341 4103 Brauon
354 4049 451 4104 merc'lr
463 4048 567 4118 dtj'entr'l
579 4049 587 4119 ΙΙ
601 4067 618 4102 a
629 4068 662 4102 oa
674 4051 763 4102 merua
778 4049 958 4112 tremor-dra,

227 4137 289 4188 Eur
295 4134 416 4205 plac'lu'k
430 4134 554 4216 triouedls
566 4136 633 4200 aloa,
649 4136 658 4206 ll
675 4134 848 4188 Gwennolaik
861 4135 890 4184 la'
901 4134 980 4185 barro.

44 4227 148 4298 syllabae
159 4255 205 4292 acu
218 4239 245 4292 in
259 4247 373 4309 utroque
386 4237 505 4290 membro
519 4241 557 4304 (1,
572 4238 649 4308 2l0):

262 4343 361 4395 Badra
372 4340 435 4394 aian
448 4359 477 4394 er
490 4341 574 4394 broad
586 4342 594 4410 ΙΙ
608 4341 673 4396 lcc’ls
684 4359 713 4394 eo
725 4338 830 4394 reddin
842 4348 939 4401 uncant,

263 4427 309 4480 Da
321 4427 381 4478 aba
393 4446 407 4478 c
418 4425 495 4480 rainu
508 4443 549 4478 me
562 4427 571 4496 l
584 4445 627 4480 aaa
640 4425 733 4480 domii:
745 4427 778 4480 da
791 4425 879 4480 ciret?
