2998 5062
269 347 332 409 916
483 345 543 408 VI.
564 349 594 406 2.
627 363 850 408 cousrnucrro
866 363 1004 408 sonares
1020 363 1219 408 assecures.

268 539 333 580 non
355 515 492 578 nimium
514 515 630 577 audere
647 511 727 576 mihi
742 512 881 590 videbor,
900 513 928 577 si
943 513 1151 590 affirmavero,
1165 513 1234 597 jam
1249 515 1352 598 prima
1363 515 1426 580 reli·

267 622 373 706 gionis
388 621 579 684 christianae
591 629 694 682 aetate
706 619 741 680 in
754 618 860 682 Gallia
873 639 942 682 eam
953 618 1102 701 gallicam
1114 619 1295 684 carminum
1305 622 1426 686 formam

268 731 301 792 in
329 727 470 792 carmina
495 725 668 788 christiana
694 724 881 787 translatam
906 745 985 788 esse.
1018 726 1065 788 Ut
1089 725 1223 790 hereum
1249 729 1427 792 bellatorum

268 834 392 897 sortiter
413 845 484 896 acta
505 831 747 893 celebrabantur
767 851 786 892 a
803 829 914 893 Bardis
929 831 1140 895 Cambrorum
1158 834 1353 897 carminibus
1367 834 1426 917 ejus

268 939 398 1014 formae,
417 961 497 1020 quae
518 947 646 1002 exstant
668 935 784 1011 adhuc,
803 945 834 997 et
854 958 874 998 a
890 937 1002 1000 Bardis
1019 936 1199 1014 Gellomm,
1217 939 1268 1002 vel
1289 939 1426 1002 caerimo

268 1044 340 1108 niae
359 1067 378 1106 a
393 1044 536 1121 Druidis,
554 1043 755 1106 celebrantur
769 1041 931 1125 religionis
946 1041 1138 1105 christianae
1152 1045 1304 1126 mysteria
1318 1044 1367 1108 vel
1380 1044 1426 1107 he

269 1171 360 1213 roum
380 1149 642 1225 christianorum,
666 1169 745 1232 quos
766 1159 920 1232 martyres
942 1145 1109 1225 dicebant,
1133 1149 1288 1212 fortitudo
1310 1149 1426 1233 hymnis

269 1255 338 1338 ejus
353 1255 471 1320 formae
487 1252 676 1318 assonantis.

355 1363 436 1425 Tarn
451 1360 644 1443 hymnorum
658 1359 758 1422 forma
773 1379 926 1421 assonans
941 1381 1037 1442 quam
1051 1359 1187 1423 aliorum
1202 1360 1380 1424 carminum
1389 1359 1427 1422 la-

270 1469 409 1533 tinorum
423 1466 503 1528 inde
518 1487 537 1528 a
552 1463 747 1548 temporibus
763 1463 900 1526 labantis
915 1463 1041 1547 imperii
1055 1465 1207 1541 Romani,
1224 1465 1339 1529 sivein
1355 1477 1428 1528 terra

269 1573 453 1638 continente
469 1573 615 1654 Europae
632 1568 698 1632 sive
714 1568 748 1632 in
763 1569 923 1632 Hibernia
938 1579 1015 1634 sunt
1029 1571 1215 1655 composita,
1232 1571 1428 1655 proponenda

269 1691 317 1744 est
332 1678 442 1763 igitur,
458 1686 631 1760 antequam
645 1675 720 1738 licet
734 1675 882 1758 progredi
896 1677 936 1739 ad
952 1676 1114 1741 hibernica
1128 1678 1281 1741 camrina.

615 1924 643 1978 l.
675 1913 926 1978 Assonantia
948 1915 1092 1980 latina.

356 2090 391 2154 S.
410 2084 607 2162 Ambrosius,
627 2083 794 2168 episcopus
810 2083 1072 2163 Mediolanensis,
1090 2086 1125 2152 in
1148 2085 1258 2150 Gallia
1279 2095 1374 2149 natus
1388 2087 1424 2166 (a.

272 2203 344 2272 333,
363 2194 443 2259 obiit
464 2215 493 2256 a.
513 2195 601 2274 337),
619 2190 726 2254 cultus
748 2189 849 2252 divini
869 2191 990 2273 publici
1012 2191 1153 2276 hymnis,
1171 2192 1357 2276 antiphonis
1373 2203 1424 2254 etc.
1488 2269 1489 2274 η

270 2299 449 2365 celebrandi
470 2297 592 2381 primus
614 2309 724 2360 auctor
739 2296 811 2372 fuit,
830 2295 913 2358 sicut
928 2297 996 2380 ejus
1011 2296 1155 2360 notarius
1171 2297 1329 2361 Paulinus
1342 2297 1428 2360 refert
1488 2319 1489 2354 ι

270 2409 310 2472 ad
334 2407 368 2470 S.
391 2403 613 2488 Augustinum
639 2402 801 2484 (Append.
826 2402 866 2464 ad
892 2424 965 2486 opp.
991 2402 1025 2466 S.
1053 2403 1201 2466 Ambros.
1224 2403 1276 2465 ed.
1301 2403 1426 2478 Bened.‚
1488 2437 1489 2491 χ

271 2511 373 2577 Paria.
396 2517 488 2587 1690,
506 2531 539 2592 p.
558 2510 635 2590 IV):
658 2501 720 2570 “eo
734 2506 894 2571 Ambrosii
917 2517 1057 2590 tempore
1077 2507 1216 2590 primum
1230 2509 1425 2593 antiphonae,

269 2617 383 2704 hymni
409 2638 445 2680 ac
468 2613 595 2697 vigiliae
615 2612 650 2674 in
672 2613 805 2676 ecclesia
827 2613 1059 2676 Mediolanensi
1081 2613 1232 2677 celebrari
1253 2623 1425 2698 coepenmt,

271 2725 363 2808 cujus
385 2718 575 2786 celebritatis
592 2718 718 2782 devotio
733 2740 834 2800 nsque
849 2718 884 2781 in
899 2718 1089 2783 hodiernum
1104 2720 1189 2782 diem
1204 2742 1270 2782 non
1286 2721 1384 2784 solum
1398 2719 1426 2779 in

271 2832 381 2895 eadem
389 2826 531 2902 ecclesia,
542 2847 652 2888 uerum
660 2845 715 2907 per
724 2845 833 2887 omnes
841 2845 922 2907 pene
930 2825 1101 2892 occidentis
1109 2823 1289 2910 provincias
1297 2814 1426 2890 manet.''

358 2932 483 3017 Hymni
509 2932 544 2996 S.
572 2929 733 2995 Ambrosii
762 2940 944 2994 tetrametro
971 2930 1130 2995 iambico*
1156 2930 1324 3014 compositi
1348 2941 1424 3002 sunt,

273 3093 352 3102 .-.-
385 3091 452 3097 ——--
471 3089 479 3095 ·

341 3175 354 3202 '
372 3170 414 3226 De
432 3177 519 3224 metro
535 3177 641 3240 praeter
659 3175 820 3222 structuram
839 3175 1010 3222 assonantem
1022 3167 1146 3221 adhibito
1158 3167 1187 3220 in
1199 3166 1233 3220 iis
1244 3165 1351 3237 hymnis
1362 3161 1425 3218 seda

274 3259 396 3330 disputat
413 3257 441 3310 in
457 3255 550 3310 libello
569 3255 603 3308 de
620 3261 677 3308 arte
689 3253 800 3306 metrica
814 3253 868 3323 (ed.
883 3253 965 3306 Besil.
983 3255 1006 3317 l,
1021 3252 1080 3322 56)2
1092 3249 1231 3305 “Metram
1244 3251 1381 3304 iambicum
1392 3255 1424 3300 te·

274 3351 431 3399 trametrum
450 3341 546 3411 recipit
563 3341 681 3394 iambum
694 3338 760 3391 locis
773 3338 908 3402 omnibus,
922 3337 1072 3406 spondeum
1084 3344 1190 3390 tantum
1203 3335 1269 3390 locls
1282 3333 1422 3405 imparibus,

274 3447 328 3500 quo
341 3429 455 3500 scriptus
468 3433 509 3480 est
521 3426 637 3496 hymnus
651 3423 770 3478 Sedulii:
789 3425 813 3477 Α
827 3423 891 3476 solis
905 3430 965 3474 ortu
976 3422 1085 3475 cardine
1096 3431 1146 3476 eto.
1167 3423 1220 3476 Sed
1233 3433 1260 3478 et
1268 3419 1424 3478 Ambrosisni

275 3531 306 3567 eo
324 3511 440 3566 maxime
458 3519 578 3574 currunt,
595 3549 600 3560 .
618 3548 624 3560 .
639 3509 667 3561 in
685 3509 783 3578 quibus
799 3506 981 3579 pulcherrimo
1000 3515 1042 3560 est
1059 3507 1155 3561 decore
1167 3511 1330 3580 compositus
1348 3509 1423 3576 hym-

274 3615 339 3652 nus
362 3597 546 3649 beatorum
571 3601 775 3664 martyrum,
790 3595 868 3665 cujus
887 3593 946 3647 loca
964 3593 1077 3662 imparia
1088 3595 1233 3664 spondeus,
1248 3595 1348 3648 iambus
1359 3597 1423 3644 tenet

273 3681 357 3753 paris.
382 3679 492 3751 Recipit
509 3681 560 3734 hoc
579 3686 694 3732 metrum
713 3679 866 3749 aliquoties,
887 3684 918 3732 ut
935 3677 1028 3732 scribit
1045 3678 1157 3732 Mallius
1175 3681 1337 3742 Theodorus,
1352 3676 1422 3730 etism

274 3763 456 3836 tribrachyn.”
482 3763 647 3818 Assonantia
663 3763 786 3816 adhibita
799 3763 881 3832 juxta
893 3763 1007 3816 latinum
1020 3772 1136 3818 metrum
1148 3771 1203 3818 tam
1215 3764 1341 3835 incipiens
1352 3773 1422 3830 quam

274 3853 437 3924 syllabarum
461 3849 598 3913 finalium,
618 3847 754 3901 interdum
778 3849 859 3901 etiam
877 3849 1040 3914 mediarum,
1060 3867 1115 3902 non
1133 3850 1221 3904 aliena
1238 3857 1279 3904 est
1300 3841 1423 3916 agallicb

275 3938 395 4009 ejusdem
408 3935 503 3990 sentis
516 3935 612 4006 poetis,
628 3951 651 3986 e.
666 3950 707 4003 gr.
721 3932 853 3998 Ausonio,
868 3933 896 3986 in
909 3935 995 4004 epigr.
1013 3937 1041 3986 la

439 4020 549 4076 Phoebe
564 4025 568 4090 Ι
583 4027 679 4090 potens
692 4017 819 4082 numana,
836 4023 840 4085 Ι
855 4033 959 4088 praeses
971 4018 1092 4072 Tritonia
1103 4019 1191 4085 bellis,

439 4107 480 4162 Tu
493 4121 601 4177 quoque
613 4103 647 4157 ab
659 4102 731 4156 ebrio
747 4105 751 4171 Ι
767 4119 877 4172 praepes
888 4102 1008 4156 Victoria
1019 4103 1106 4173 lapsu,

441 4195 523 4248 Come
536 4195 684 4244 serenatam
700 4191 704 4254 Ι
720 4187 822 4258 duplici
837 4192 841 4258 Ι
857 4188 1006 4244 ἀίειάωηαῑθ
1018 4189 1132 4244 hontem

442 4280 519 4332 Serta
530 4277 625 4339 fereae,
640 4291 708 4344 quae
724 4274 728 4344 l
744 4274 816 4326 dona
828 4281 917 4343 togae,
932 4292 1001 4345 quae
1016 4276 1021 4346 Ι
1036 4275 1155 4346 praemia
1169 4280 1174 4341 Ι
1189 4293 1303 4346 pugnae.

462 4360 589 4416 Bellondi
598 4357 727 4429 fandique
742 4363 747 4422 Ι
762 4366 856 4428 potens
868 4361 1018 4430 Augustus,
1033 4359 1164 4413 honorem

463 4449 509 4502 Bis
522 4453 616 4501 meret.
