<?xml version="1.0" encoding="UTF-8"?>
<!DOCTYPE html PUBLIC "-//W3C//DTD XHTML 1.0 Transitional//EN"
    "http://www.w3.org/TR/xhtml1/DTD/xhtml1-transitional.dtd">
<html xmlns="http://www.w3.org/1999/xhtml" xml:lang="en" lang="en">
 <head>
  <title>
</title>
<meta http-equiv="Content-Type" content="text/html;charset=utf-8" />
  <meta name='ocr-system' content='tesseract 3.04.00' />
  <meta name='ocr-capabilities' content='ocr_page ocr_carea ocr_par ocr_line ocrx_word'/>
</head>
<body>
  <div class='ocr_page' id='page_1' title='image "./grammaticacelti01zeusgoog_0371.png"; bbox 0 0 2978 5054; ppageno 0'>
   <div class='ocr_carea' id='block_1_1' title="bbox 235 379 1186 450">
    <p class='ocr_par' dir='ltr' id='par_1_1' title="bbox 235 379 1186 450">
     <span class='ocr_line' id='line_1_1' title="bbox 235 379 1186 450; baseline -0.007 -1"><span class='ocrx_word' id='word_1_1' title='bbox 235 387 295 449; x_wconf 88' lang='lat' dir='ltr'><strong>VI.</strong></span> <span class='ocrx_word' id='word_1_2' title='bbox 314 391 345 450; x_wconf 80' lang='lat'><strong>2.</strong></span> <span class='ocrx_word' id='word_1_3' title='bbox 377 405 600 450; x_wconf 68' lang='lat' dir='ltr'><strong>constructio</strong></span> <span class='ocrx_word' id='word_1_4' title='bbox 615 403 754 448; x_wconf 73' lang='lat' dir='ltr'><strong>nouerca</strong></span> <span class='ocrx_word' id='word_1_5' title='bbox 770 403 968 448; x_wconf 75' lang='lat' dir='ltr'><strong>arcessuros.</strong></span> <span class='ocrx_word' id='word_1_6' title='bbox 1123 379 1186 442; x_wconf 81' lang='lat'><strong>923</strong></span> 
     </span>
    </p>
   </div>
   <div class='ocr_carea' id='block_1_2' title="bbox 46 548 1190 1377">
    <p class='ocr_par' dir='ltr' id='par_1_2' title="bbox 48 548 1190 1166">
     <span class='ocr_line' id='line_1_2' title="bbox 117 548 1188 639; baseline -0.007 -20"><span class='ocrx_word' id='word_1_7' title='bbox 117 553 213 639; x_wconf 80' lang='lat' dir='ltr'><strong>Magis</strong></span> <span class='ocrx_word' id='word_1_8' title='bbox 233 575 397 639; x_wconf 81' lang='lat' dir='ltr'><strong>progressa</strong></span> <span class='ocrx_word' id='word_1_9' title='bbox 414 551 608 631; x_wconf 88' lang='lat' dir='ltr'><strong>assonantia,</strong></span> <span class='ocrx_word' id='word_1_10' title='bbox 626 550 821 636; x_wconf 86' lang='lat' dir='ltr'><strong>frequentior</strong></span> <span class='ocrx_word' id='word_1_11' title='bbox 835 551 992 636; x_wconf 91' lang='lat' dir='ltr'><strong>incipiens</strong></span> <span class='ocrx_word' id='word_1_12' title='bbox 1007 561 1040 616; x_wconf 86' lang='lat' dir='ltr'><strong>et</strong></span> <span class='ocrx_word' id='word_1_13' title='bbox 1054 548 1188 632; x_wconf 89' lang='lat' dir='ltr'><strong>amplior</strong></span> 
     </span>
     <span class='ocr_line' id='line_1_3' title="bbox 50 655 1187 744; baseline -0.007 -20"><span class='ocrx_word' id='word_1_14' title='bbox 50 660 153 738; x_wconf 85' lang='lat' dir='ltr'><strong>iniens,</strong></span> <span class='ocrx_word' id='word_1_15' title='bbox 169 661 263 724; x_wconf 89' lang='lat' dir='ltr'><strong>etiam</strong></span> <span class='ocrx_word' id='word_1_16' title='bbox 283 659 447 744; x_wconf 76' lang='lat' dir='ltr'><strong>trisyllaba</strong></span> <span class='ocrx_word' id='word_1_17' title='bbox 469 659 607 744; x_wconf 87' lang='lat' dir='ltr'><strong>saepius,</strong></span> <span class='ocrx_word' id='word_1_18' title='bbox 624 657 789 722; x_wconf 88' lang='lat' dir='ltr'><strong>invenitur</strong></span> <span class='ocrx_word' id='word_1_19' title='bbox 802 657 951 742; x_wconf 80' lang='lat' dir='ltr'><strong>deinceps</strong></span> <span class='ocrx_word' id='word_1_20' title='bbox 967 657 1053 742; x_wconf 90' lang='lat' dir='ltr'><strong>apud</strong></span> <span class='ocrx_word' id='word_1_21' title='bbox 1067 655 1187 738; x_wconf 81' lang='lat' dir='ltr'><strong>Anglo·</strong></span> 
     </span>
     <span class='ocr_line' id='line_1_4' title="bbox 49 759 1190 848; baseline -0.007 -18"><span class='ocrx_word' id='word_1_22' title='bbox 49 789 159 830; x_wconf 83' lang='lat' dir='ltr'><strong>saronas</strong></span> <span class='ocrx_word' id='word_1_23' title='bbox 178 765 316 832; x_wconf 86' lang='lat' dir='ltr'><strong>carmina</strong></span> <span class='ocrx_word' id='word_1_24' title='bbox 330 766 430 832; x_wconf 84' lang='lat' dir='ltr'><strong>latine</strong></span> <span class='ocrx_word' id='word_1_25' title='bbox 445 765 630 842; x_wconf 82' lang='lat' dir='ltr'><strong>scribentes,</strong></span> <span class='ocrx_word' id='word_1_26' title='bbox 646 763 687 828; x_wconf 89' lang='lat' dir='ltr'><strong>ad</strong></span> <span class='ocrx_word' id='word_1_27' title='bbox 701 785 792 846; x_wconf 87' lang='lat' dir='ltr'><strong>quos,</strong></span> <span class='ocrx_word' id='word_1_28' title='bbox 811 785 885 828; x_wconf 85' lang='lat' dir='ltr'><strong>curn</strong></span> <span class='ocrx_word' id='word_1_29' title='bbox 898 763 1047 848; x_wconf 89' lang='lat' dir='ltr'><strong>primitus</strong></span> <span class='ocrx_word' id='word_1_30' title='bbox 1061 759 1190 844; x_wconf 86' lang='lat' dir='ltr'><strong>proprie</strong></span> 
     </span>
     <span class='ocr_line' id='line_1_5' title="bbox 49 865 1189 945; baseline -0.005 -11"><span class='ocrx_word' id='word_1_31' title='bbox 49 871 125 935; x_wconf 79' lang='lat' dir='ltr'><strong>berit</strong></span> <span class='ocrx_word' id='word_1_32' title='bbox 143 871 184 934; x_wconf 88' lang='lat' dir='ltr'><strong>eis</strong></span> <span class='ocrx_word' id='word_1_33' title='bbox 204 871 332 936; x_wconf 89' lang='lat' dir='ltr'><strong>nonnisi</strong></span> <span class='ocrx_word' id='word_1_34' title='bbox 355 870 487 936; x_wconf 87' lang='lat' dir='ltr'><strong>initialis</strong></span> <span class='ocrx_word' id='word_1_35' title='bbox 509 869 705 945; x_wconf 87' lang='lat' dir='ltr'><strong>assonantia,</strong></span> <span class='ocrx_word' id='word_1_36' title='bbox 726 879 765 934; x_wconf 92' lang='lat' dir='ltr'><strong>ut</strong></span> <span class='ocrx_word' id='word_1_37' title='bbox 785 868 897 934; x_wconf 86' lang='lat' dir='ltr'><strong>ceteris</strong></span> <span class='ocrx_word' id='word_1_38' title='bbox 919 865 1128 944; x_wconf 67' lang='lat' dir='ltr'><strong>Germania*</strong></span> <span class='ocrx_word' id='word_1_39' title='bbox 1149 865 1189 928; x_wconf 86' lang='lat' dir='ltr'><strong>ab</strong></span> 
     </span>
     <span class='ocr_line' id='line_1_6' title="bbox 49 971 1190 1060; baseline -0.005 -21"><span class='ocrx_word' id='word_1_40' title='bbox 49 976 177 1040; x_wconf 87' lang='lat' dir='ltr'><strong>Hibernis</strong></span> <span class='ocrx_word' id='word_1_41' title='bbox 191 977 268 1041; x_wconf 89' lang='lat' dir='ltr'><strong>haec</strong></span> <span class='ocrx_word' id='word_1_42' title='bbox 282 977 384 1040; x_wconf 84' lang='lat' dir='ltr'><strong>forma</strong></span> <span class='ocrx_word' id='word_1_43' title='bbox 398 985 593 1060; x_wconf 82' lang='lat' dir='ltr'><strong>transgressa</strong></span> <span class='ocrx_word' id='word_1_44' title='bbox 606 977 751 1059; x_wconf 89' lang='lat' dir='ltr'><strong>putanda</strong></span> <span class='ocrx_word' id='word_1_45' title='bbox 765 985 824 1052; x_wconf 89' lang='lat' dir='ltr'><strong>est,</strong></span> <span class='ocrx_word' id='word_1_46' title='bbox 841 983 880 1040; x_wconf 86' lang='lat' dir='ltr'><strong>ut</strong></span> <span class='ocrx_word' id='word_1_47' title='bbox 895 974 1021 1038; x_wconf 86' lang='lat' dir='ltr'><strong>transiit</strong></span> <span class='ocrx_word' id='word_1_48' title='bbox 1034 971 1190 1055; x_wconf 88' lang='lat' dir='ltr'><strong>scriptura</strong></span> 
     </span>
     <span class='ocr_line' id='line_1_7' title="bbox 48 1079 677 1166; baseline -0.003 -21"><span class='ocrx_word' id='word_1_49' title='bbox 48 1091 73 1145; x_wconf 86' lang='lat' dir='ltr'><strong>et</strong></span> <span class='ocrx_word' id='word_1_50' title='bbox 83 1103 125 1145; x_wconf 86' lang='lat' dir='ltr'><strong>ars</strong></span> <span class='ocrx_word' id='word_1_51' title='bbox 138 1081 288 1166; x_wconf 80' lang='lat' dir='ltr'><strong>pingendi</strong></span> <span class='ocrx_word' id='word_1_52' title='bbox 302 1082 425 1146; x_wconf 90' lang='lat' dir='ltr'><strong>codices</strong></span> <span class='ocrx_word' id='word_1_53' title='bbox 441 1093 474 1144; x_wconf 93' lang='lat' dir='ltr'><strong>et</strong></span> <span class='ocrx_word' id='word_1_54' title='bbox 488 1079 634 1144; x_wconf 89' lang='lat' dir='ltr'><strong>ornandi.</strong></span> <span class='ocrx_word' id='word_1_55' title='bbox 644 1079 677 1116; x_wconf 78' lang='lat'><strong>&#39;¹</strong></span> 
     </span>
    </p>

    <p class='ocr_par' dir='ltr' id='par_1_3' title="bbox 46 1181 1189 1377">
     <span class='ocr_line' id='line_1_8' title="bbox 114 1181 1189 1271; baseline -0.005 -21"><span class='ocrx_word' id='word_1_56' title='bbox 114 1187 272 1251; x_wconf 87' lang='lat' dir='ltr'><strong>Construit</strong></span> <span class='ocrx_word' id='word_1_57' title='bbox 294 1207 323 1250; x_wconf 87' lang='lat' dir='ltr'><strong>e.</strong></span> <span class='ocrx_word' id='word_1_58' title='bbox 340 1209 389 1271; x_wconf 86' lang='lat' dir='ltr'><strong>gr.</strong></span> <span class='ocrx_word' id='word_1_59' title='bbox 406 1187 610 1262; x_wconf 83' lang='lat' dir='ltr'><strong>Aldbelmus,</strong></span> <span class='ocrx_word' id='word_1_60' title='bbox 628 1185 794 1252; x_wconf 79' lang='lat' dir='ltr'><strong>Saxonum</strong></span> <span class='ocrx_word' id='word_1_61' title='bbox 809 1183 1056 1250; x_wconf 87' lang='lat' dir='ltr'><strong>occidentalium</strong></span> <span class='ocrx_word' id='word_1_62' title='bbox 1070 1181 1189 1267; x_wconf 89' lang='lat' dir='ltr'><strong>episco-</strong></span> 
     </span>
     <span class='ocr_line' id='line_1_9' title="bbox 46 1291 1022 1377; baseline -0.004 -21"><span class='ocrx_word' id='word_1_63' title='bbox 46 1314 93 1375; x_wconf 86' lang='lat' dir='ltr'><strong>pus</strong></span> <span class='ocrx_word' id='word_1_64' title='bbox 106 1291 190 1375; x_wconf 91' lang='lat' dir='ltr'><strong>(obiit</strong></span> <span class='ocrx_word' id='word_1_65' title='bbox 203 1315 232 1357; x_wconf 87' lang='lat' dir='ltr'><strong>a.</strong></span> <span class='ocrx_word' id='word_1_66' title='bbox 252 1297 342 1376; x_wconf 78' lang='lat' dir='ltr'><strong>toa),</strong></span> <span class='ocrx_word' id='word_1_67' title='bbox 360 1293 445 1377; x_wconf 89' lang='lat' dir='ltr'><strong>Opp.</strong></span> <span class='ocrx_word' id='word_1_68' title='bbox 464 1295 515 1358; x_wconf 87' lang='lat' dir='ltr'><strong>ed.</strong></span> <span class='ocrx_word' id='word_1_69' title='bbox 533 1291 635 1370; x_wconf 88' lang='lat' dir='ltr'><strong>Giles,</strong></span> <span class='ocrx_word' id='word_1_70' title='bbox 653 1293 760 1358; x_wconf 81' lang='lat' dir='ltr'><strong>Oxou.</strong></span> <span class='ocrx_word' id='word_1_71' title='bbox 781 1299 874 1370; x_wconf 84' lang='grc'><strong>1814,</strong></span> <span class='ocrx_word' id='word_1_72' title='bbox 891 1313 925 1377; x_wconf 91' lang='lat' dir='ltr'><strong>p.</strong></span> <span class='ocrx_word' id='word_1_73' title='bbox 947 1297 1022 1354; x_wconf 90' lang='lat'>111:</span> 
     </span>
    </p>
   </div>
   <div class='ocr_carea' id='block_1_3' title="bbox 95 1447 1072 1740">
    <p class='ocr_par' dir='ltr' id='par_1_4' title="bbox 95 1447 1072 1740">
     <span class='ocr_line' id='line_1_10' title="bbox 96 1447 951 1536; baseline 0 -24"><span class='ocrx_word' id='word_1_74' title='bbox 96 1449 220 1534; x_wconf 73' lang='lat' dir='ltr'><strong>{Summi</strong></span> <span class='ocrx_word' id='word_1_75' title='bbox 239 1455 245 1532; x_wconf 88' lang='grc' dir='ltr'>Ι</span> <span class='ocrx_word' id='word_1_76' title='bbox 265 1455 370 1516; x_wconf 87' lang='lat' dir='ltr'><strong>satoris</strong></span> <span class='ocrx_word' id='word_1_77' title='bbox 390 1448 395 1536; x_wconf 82' lang='grc' dir='ltr'>Ι</span> <span class='ocrx_word' id='word_1_78' title='bbox 415 1447 515 1535; x_wconf 64' lang='lat' dir='ltr'><strong>solinu</strong></span> <span class='ocrx_word' id='word_1_79' title='bbox 550 1448 555 1536; x_wconf 84' lang='grc' dir='ltr'>Ι</span> <span class='ocrx_word' id='word_1_80' title='bbox 575 1454 652 1514; x_wconf 87' lang='lat' dir='ltr'><strong>sedit</strong></span> <span class='ocrx_word' id='word_1_81' title='bbox 666 1455 717 1530; x_wconf 89' lang='lat' dir='ltr'><strong>qui</strong></span> <span class='ocrx_word' id='word_1_82' title='bbox 731 1475 784 1532; x_wconf 90' lang='lat' dir='ltr'><strong>per</strong></span> <span class='ocrx_word' id='word_1_83' title='bbox 799 1453 951 1524; x_wconf 84' lang='lat' dir='ltr'><strong>cathralia,</strong></span> 
     </span>
     <span class='ocr_line' id='line_1_11' title="bbox 96 1549 927 1640; baseline -0.004 -25"><span class='ocrx_word' id='word_1_84' title='bbox 96 1553 172 1636; x_wconf 82' lang='lat' dir='ltr'><strong>[Alti</strong></span> <span class='ocrx_word' id='word_1_85' title='bbox 190 1552 195 1640; x_wconf 77' lang='grc' dir='ltr'>Ι</span> <span class='ocrx_word' id='word_1_86' title='bbox 216 1557 338 1632; x_wconf 89' lang='lat' dir='ltr'><strong>Olympi</strong></span> <span class='ocrx_word' id='word_1_87' title='bbox 356 1555 362 1632; x_wconf 85' lang='grc' dir='ltr'>Ι</span> <span class='ocrx_word' id='word_1_88' title='bbox 381 1549 521 1637; x_wconf 62' lang='lat' dir='ltr'><strong>assidaei}</strong></span> <span class='ocrx_word' id='word_1_89' title='bbox 557 1549 561 1636; x_wconf 78' lang='grc' dir='ltr'>Ι</span> <span class='ocrx_word' id='word_1_90' title='bbox 581 1556 743 1614; x_wconf 76' lang='lat' dir='ltr'><strong>obvallatus</strong></span> <span class='ocrx_word' id='word_1_91' title='bbox 759 1555 927 1624; x_wconf 78' lang='lat' dir='ltr'><strong>minacibus,</strong></span> 
     </span>
     <span class='ocr_line' id='line_1_12' title="bbox 95 1651 1072 1740; baseline -0.009 -21"><span class='ocrx_word' id='word_1_92' title='bbox 95 1653 99 1739; x_wconf 92' lang='grc' dir='ltr'>Ι</span> <span class='ocrx_word' id='word_1_93' title='bbox 115 1661 222 1719; x_wconf 86' lang='lat' dir='ltr'><strong>Cuncta</strong></span> <span class='ocrx_word' id='word_1_94' title='bbox 240 1657 246 1736; x_wconf 89' lang='grc'>1</span> <span class='ocrx_word' id='word_1_95' title='bbox 266 1677 389 1718; x_wconf 90' lang='lat' dir='ltr'><strong>cernens</strong></span> <span class='ocrx_word' id='word_1_96' title='bbox 409 1651 414 1739; x_wconf 81' lang='grc' dir='ltr'>Ι</span> <span class='ocrx_word' id='word_1_97' title='bbox 434 1651 605 1739; x_wconf 61' lang='lat' dir='ltr'><strong>cacumine„</strong></span> <span class='ocrx_word' id='word_1_98' title='bbox 640 1651 645 1740; x_wconf 80' lang='grc' dir='ltr'>Ι</span> <span class='ocrx_word' id='word_1_99' title='bbox 665 1658 812 1716; x_wconf 87' lang='lat' dir='ltr'><strong>coelorum</strong></span> <span class='ocrx_word' id='word_1_100' title='bbox 827 1675 942 1715; x_wconf 90' lang='lat' dir='ltr'><strong>summo</strong></span> <span class='ocrx_word' id='word_1_101' title='bbox 956 1653 1072 1713; x_wconf 81' lang='lat' dir='ltr'><strong>lumine.</strong></span> 
     </span>
    </p>
   </div>
   <div class='ocr_carea' id='block_1_4' title="bbox 42 1843 227 1856">
    <p class='ocr_par' dir='ltr' id='par_1_5' title="bbox 42 1843 227 1856">
     <span class='ocr_line' id='line_1_13' title="bbox 42 1843 227 1856; baseline 0 0"><span class='ocrx_word' id='word_1_102' title='bbox 42 1843 227 1856; x_wconf 73' lang='lat'>—————-</span> 
     </span>
    </p>
   </div>
   <div class='ocr_carea' id='block_1_5' title="bbox 36 1953 1200 4477">
    <p class='ocr_par' dir='ltr' id='par_1_6' title="bbox 40 1953 1193 2879">
     <span class='ocr_line' id='line_1_14' title="bbox 96 1953 1192 2029; baseline -0.007 -15"><span class='ocrx_word' id='word_1_103' title='bbox 96 1959 108 1986; x_wconf 82' lang='lat'>&#39;</span> <span class='ocrx_word' id='word_1_104' title='bbox 123 1957 235 2014; x_wconf 83' lang='lat' dir='ltr'><strong>Initialis</strong></span> <span class='ocrx_word' id='word_1_105' title='bbox 248 1958 407 2012; x_wconf 83' lang='lat' dir='ltr'><strong>assonantia</strong></span> <span class='ocrx_word' id='word_1_106' title='bbox 420 1975 481 2012; x_wconf 90' lang='lat' dir='ltr'><strong>eum</strong></span> <span class='ocrx_word' id='word_1_107' title='bbox 494 1957 530 2011; x_wconf 86' lang='lat' dir='ltr'><strong>sit</strong></span> <span class='ocrx_word' id='word_1_108' title='bbox 542 1955 600 2011; x_wconf 89' lang='lat' dir='ltr'><strong>sola</strong></span> <span class='ocrx_word' id='word_1_109' title='bbox 611 1955 708 2027; x_wconf 87' lang='lat' dir='ltr'><strong>copula</strong></span> <span class='ocrx_word' id='word_1_110' title='bbox 720 1957 862 2029; x_wconf 86' lang='lat' dir='ltr'><strong>utriusque</strong></span> <span class='ocrx_word' id='word_1_111' title='bbox 873 1957 995 2022; x_wconf 85' lang='lat' dir='ltr'><strong>membri,</strong></span> <span class='ocrx_word' id='word_1_112' title='bbox 1010 1953 1192 2024; x_wconf 73' lang='lat' dir='ltr'><strong>contraposita</strong></span> 
     </span>
     <span class='ocr_line' id='line_1_15' title="bbox 44 2038 1192 2115; baseline -0.004 -17"><span class='ocrx_word' id='word_1_113' title='bbox 44 2059 89 2098; x_wconf 74' lang='lat' dir='ltr'><strong>aas</strong></span> <span class='ocrx_word' id='word_1_114' title='bbox 99 2042 174 2100; x_wconf 85' lang='lat' dir='ltr'><strong>debet</strong></span> <span class='ocrx_word' id='word_1_115' title='bbox 184 2043 259 2115; x_wconf 81' lang='lat' dir='ltr'><strong>apud</strong></span> <span class='ocrx_word' id='word_1_116' title='bbox 272 2043 431 2098; x_wconf 86' lang='lat' dir='ltr'><strong>Germanos.</strong></span> <span class='ocrx_word' id='word_1_117' title='bbox 453 2043 524 2098; x_wconf 79' lang='lat' dir='ltr'><strong>Sunt</strong></span> <span class='ocrx_word' id='word_1_118' title='bbox 536 2042 609 2100; x_wconf 86' lang='lat' dir='ltr'><strong>enim</strong></span> <span class='ocrx_word' id='word_1_119' title='bbox 620 2059 714 2098; x_wconf 81' lang='lat' dir='ltr'><strong>versus</strong></span> <span class='ocrx_word' id='word_1_120' title='bbox 726 2043 781 2098; x_wconf 91' lang='lat' dir='ltr'><strong>duo</strong></span> <span class='ocrx_word' id='word_1_121' title='bbox 793 2043 914 2100; x_wconf 86' lang='lat' dir='ltr'><strong>membra</strong></span> <span class='ocrx_word' id='word_1_122' title='bbox 925 2045 1007 2098; x_wconf 79' lang='lat' dir='ltr'><strong>etism</strong></span> <span class='ocrx_word' id='word_1_123' title='bbox 1021 2041 1067 2111; x_wconf 91' lang='lat' dir='ltr'><strong>(ob</strong></span> <span class='ocrx_word' id='word_1_124' title='bbox 1079 2038 1192 2094; x_wconf 83' lang='lat' dir='ltr'><strong>eandam</strong></span> 
     </span>
     <span class='ocr_line' id='line_1_16' title="bbox 43 2125 1192 2200; baseline -0.005 -18"><span class='ocrx_word' id='word_1_125' title='bbox 43 2129 189 2184; x_wconf 76' lang='lat' dir='ltr'><strong>morentiae</strong></span> <span class='ocrx_word' id='word_1_126' title='bbox 201 2127 480 2200; x_wconf 73' lang='lat' dir='ltr'><strong>correspondentiam)</strong></span> <span class='ocrx_word' id='word_1_127' title='bbox 491 2127 564 2200; x_wconf 81' lang='lat' dir='ltr'><strong>apud</strong></span> <span class='ocrx_word' id='word_1_128' title='bbox 576 2127 636 2192; x_wconf 89' lang='lat' dir='ltr'><strong>bos,</strong></span> <span class='ocrx_word' id='word_1_129' title='bbox 646 2135 674 2182; x_wconf 87' lang='lat' dir='ltr'><strong>et</strong></span> <span class='ocrx_word' id='word_1_130' title='bbox 685 2127 756 2182; x_wconf 85' lang='lat' dir='ltr'><strong>duae</strong></span> <span class='ocrx_word' id='word_1_131' title='bbox 767 2127 885 2200; x_wconf 75' lang='lat' dir='ltr'><strong>syllabae</strong></span> <span class='ocrx_word' id='word_1_132' title='bbox 894 2127 1079 2200; x_wconf 77' lang='lat' dir='ltr'><strong>praevalentes</strong></span> <span class='ocrx_word' id='word_1_133' title='bbox 1088 2125 1117 2180; x_wconf 94' lang='lat' dir='ltr'><strong>iu</strong></span> <span class='ocrx_word' id='word_1_134' title='bbox 1126 2141 1192 2195; x_wconf 89' lang='lat' dir='ltr'><strong>quo-</strong></span> 
     </span>
     <span class='ocr_line' id='line_1_17' title="bbox 42 2211 1189 2284; baseline -0.003 -19"><span class='ocrx_word' id='word_1_135' title='bbox 42 2211 74 2265; x_wconf 82' lang='lat' dir='ltr'><strong>vis</strong></span> <span class='ocrx_word' id='word_1_136' title='bbox 88 2214 209 2268; x_wconf 85' lang='lat' dir='ltr'><strong>nembro.</strong></span> <span class='ocrx_word' id='word_1_137' title='bbox 235 2213 316 2267; x_wconf 90' lang='lat' dir='ltr'><strong>Inter</strong></span> <span class='ocrx_word' id='word_1_138' title='bbox 333 2219 449 2283; x_wconf 83' lang='lat' dir='ltr'><strong>quatuor</strong></span> <span class='ocrx_word' id='word_1_139' title='bbox 460 2229 549 2276; x_wconf 90' lang='lat' dir='ltr'><strong>voces,</strong></span> <span class='ocrx_word' id='word_1_140' title='bbox 564 2229 633 2282; x_wconf 91' lang='lat' dir='ltr'><strong>quae</strong></span> <span class='ocrx_word' id='word_1_141' title='bbox 645 2211 674 2264; x_wconf 92' lang='lat' dir='ltr'><strong>in</strong></span> <span class='ocrx_word' id='word_1_142' title='bbox 687 2229 766 2265; x_wconf 90' lang='lat' dir='ltr'><strong>versu</strong></span> <span class='ocrx_word' id='word_1_143' title='bbox 778 2219 888 2282; x_wconf 88' lang='lat' dir='ltr'><strong>portant</strong></span> <span class='ocrx_word' id='word_1_144' title='bbox 899 2213 1027 2284; x_wconf 89' lang='lat' dir='ltr'><strong>majorem</strong></span> <span class='ocrx_word' id='word_1_145' title='bbox 1040 2217 1189 2274; x_wconf 85' lang='lat' dir='ltr'><strong>accentum,</strong></span> 
     </span>
     <span class='ocr_line' id='line_1_18' title="bbox 42 2295 1192 2370; baseline -0.002 -21"><span class='ocrx_word' id='word_1_146' title='bbox 42 2296 93 2350; x_wconf 87' lang='lat' dir='ltr'><strong>dun</strong></span> <span class='ocrx_word' id='word_1_147' title='bbox 108 2299 222 2370; x_wconf 87' lang='lat' dir='ltr'><strong>syllabae</strong></span> <span class='ocrx_word' id='word_1_148' title='bbox 239 2315 335 2350; x_wconf 88' lang='lat' dir='ltr'><strong>earum</strong></span> <span class='ocrx_word' id='word_1_149' title='bbox 353 2297 395 2350; x_wconf 93' lang='lat' dir='ltr'><strong>vel</strong></span> <span class='ocrx_word' id='word_1_150' title='bbox 412 2313 509 2350; x_wconf 89' lang='lat' dir='ltr'><strong>vocum</strong></span> <span class='ocrx_word' id='word_1_151' title='bbox 521 2295 708 2349; x_wconf 87' lang='lat' dir='ltr'><strong>comitantium</strong></span> <span class='ocrx_word' id='word_1_152' title='bbox 720 2297 832 2350; x_wconf 87' lang='lat' dir='ltr'><strong>minoris</strong></span> <span class='ocrx_word' id='word_1_153' title='bbox 844 2303 970 2350; x_wconf 84' lang='lat' dir='ltr'><strong>accentus</strong></span> <span class='ocrx_word' id='word_1_154' title='bbox 982 2313 1037 2349; x_wconf 88' lang='lat' dir='ltr'><strong>non</strong></span> <span class='ocrx_word' id='word_1_155' title='bbox 1049 2311 1192 2349; x_wconf 88' lang='lat' dir='ltr'><strong>numeran-</strong></span> 
     </span>
     <span class='ocr_line' id='line_1_19' title="bbox 41 2379 1192 2450; baseline -0.001 -17"><span class='ocrx_word' id='word_1_156' title='bbox 41 2387 83 2445; x_wconf 83' lang='lat' dir='ltr'><strong>tur,</strong></span> <span class='ocrx_word' id='word_1_157' title='bbox 94 2381 157 2436; x_wconf 82' lang='lat' dir='ltr'><strong>dues</strong></span> <span class='ocrx_word' id='word_1_158' title='bbox 173 2383 272 2436; x_wconf 73' lang='lat' dir='ltr'><strong>saltem</strong></span> <span class='ocrx_word' id='word_1_159' title='bbox 290 2379 487 2450; x_wconf 80' lang='lat' dir='ltr'><strong>contrapositae</strong></span> <span class='ocrx_word' id='word_1_160' title='bbox 505 2380 535 2434; x_wconf 88' lang='lat' dir='ltr'><strong>in</strong></span> <span class='ocrx_word' id='word_1_161' title='bbox 547 2379 654 2434; x_wconf 90' lang='lat' dir='ltr'><strong>duobus</strong></span> <span class='ocrx_word' id='word_1_162' title='bbox 666 2381 793 2435; x_wconf 86' lang='lat' dir='ltr'><strong>membris</strong></span> <span class='ocrx_word' id='word_1_163' title='bbox 805 2381 960 2434; x_wconf 86' lang='lat' dir='ltr'><strong>assonautia</strong></span> <span class='ocrx_word' id='word_1_164' title='bbox 971 2381 1070 2435; x_wconf 88' lang='lat' dir='ltr'><strong>initiali</strong></span> <span class='ocrx_word' id='word_1_165' title='bbox 1082 2385 1192 2433; x_wconf 87' lang='lat' dir='ltr'><strong>ornatae</strong></span> 
     </span>
     <span class='ocr_line' id='line_1_20' title="bbox 41 2464 1193 2536; baseline -0.002 -16"><span class='ocrx_word' id='word_1_166' title='bbox 41 2475 101 2531; x_wconf 83' lang='lat' dir='ltr'><strong>snut,</strong></span> <span class='ocrx_word' id='word_1_167' title='bbox 111 2467 208 2524; x_wconf 87' lang='lat' dir='ltr'><strong>melius</strong></span> <span class='ocrx_word' id='word_1_168' title='bbox 219 2473 288 2530; x_wconf 86' lang='lat' dir='ltr'><strong>tres,</strong></span> <span class='ocrx_word' id='word_1_169' title='bbox 302 2466 345 2520; x_wconf 80' lang='lat' dir='ltr'><strong>vel</strong></span> <span class='ocrx_word' id='word_1_170' title='bbox 357 2473 422 2520; x_wconf 87' lang='lat' dir='ltr'><strong>sunt</strong></span> <span class='ocrx_word' id='word_1_171' title='bbox 433 2483 526 2520; x_wconf 88' lang='lat' dir='ltr'><strong>omues</strong></span> <span class='ocrx_word' id='word_1_172' title='bbox 539 2471 665 2536; x_wconf 80' lang='lat' dir='ltr'><strong>quatuor.</strong></span> <span class='ocrx_word' id='word_1_173' title='bbox 687 2468 730 2522; x_wconf 82' lang='lat' dir='ltr'><strong>Es</strong></span> <span class='ocrx_word' id='word_1_174' title='bbox 741 2473 876 2522; x_wconf 69' lang='lat' dir='ltr'><strong>sauctura</strong></span> <span class='ocrx_word' id='word_1_175' title='bbox 889 2483 950 2520; x_wconf 87' lang='lat' dir='ltr'><strong>cum</strong></span> <span class='ocrx_word' id='word_1_176' title='bbox 961 2466 1035 2536; x_wconf 89' lang='lat' dir='ltr'><strong>apud</strong></span> <span class='ocrx_word' id='word_1_177' title='bbox 1047 2464 1193 2520; x_wconf 82' lang='lat' dir='ltr'><strong>Scaudina·</strong></span> 
     </span>
     <span class='ocr_line' id='line_1_21' title="bbox 42 2549 1192 2622; baseline 0.002 -22"><span class='ocrx_word' id='word_1_178' title='bbox 42 2565 86 2614; x_wconf 80' lang='lat' dir='ltr'><strong>tos,</strong></span> <span class='ocrx_word' id='word_1_179' title='bbox 98 2552 198 2622; x_wconf 77' lang='lat' dir='ltr'><strong>Anglos</strong></span> <span class='ocrx_word' id='word_1_180' title='bbox 217 2560 247 2606; x_wconf 89' lang='lat' dir='ltr'><strong>et</strong></span> <span class='ocrx_word' id='word_1_181' title='bbox 260 2551 410 2604; x_wconf 87' lang='lat' dir='ltr'><strong>Germanos</strong></span> <span class='ocrx_word' id='word_1_182' title='bbox 428 2557 515 2604; x_wconf 82' lang='lat' dir='ltr'><strong>terrae</strong></span> <span class='ocrx_word' id='word_1_183' title='bbox 533 2551 697 2604; x_wconf 72' lang='lat' dir='ltr'><strong>contuentis</strong></span> <span class='ocrx_word' id='word_1_184' title='bbox 715 2551 879 2616; x_wconf 86' lang='lat' dir='ltr'><strong>inveniatur,</strong></span> <span class='ocrx_word' id='word_1_185' title='bbox 900 2551 1050 2604; x_wconf 85' lang='lat' dir='ltr'><strong>eommunis</strong></span> <span class='ocrx_word' id='word_1_186' title='bbox 1067 2549 1192 2621; x_wconf 88' lang='lat' dir='ltr'><strong>primitus</strong></span> 
     </span>
     <span class='ocr_line' id='line_1_22' title="bbox 40 2633 1193 2706; baseline -0.004 -16"><span class='ocrx_word' id='word_1_187' title='bbox 40 2633 108 2690; x_wconf 75' lang='lat' dir='ltr'><strong>trisse</strong></span> <span class='ocrx_word' id='word_1_188' title='bbox 123 2655 231 2692; x_wconf 84' lang='lat' dir='ltr'><strong>necesse</strong></span> <span class='ocrx_word' id='word_1_189' title='bbox 249 2643 294 2690; x_wconf 86' lang='lat' dir='ltr'><strong>est</strong></span> <span class='ocrx_word' id='word_1_190' title='bbox 311 2643 339 2689; x_wconf 94' lang='lat' dir='ltr'><strong>et</strong></span> <span class='ocrx_word' id='word_1_191' title='bbox 354 2635 499 2688; x_wconf 89' lang='lat' dir='ltr'><strong>statuenda</strong></span> <span class='ocrx_word' id='word_1_192' title='bbox 515 2635 660 2706; x_wconf 86' lang='lat' dir='ltr'><strong>primitiva.</strong></span> <span class='ocrx_word' id='word_1_193' title='bbox 685 2639 815 2690; x_wconf 87' lang='lat' dir='ltr'><strong>Attamen</strong></span> <span class='ocrx_word' id='word_1_194' title='bbox 827 2635 856 2690; x_wconf 93' lang='lat' dir='ltr'><strong>in</strong></span> <span class='ocrx_word' id='word_1_195' title='bbox 871 2635 1034 2706; x_wconf 90' lang='lat' dir='ltr'><strong>quibusdam</strong></span> <span class='ocrx_word' id='word_1_196' title='bbox 1052 2633 1119 2687; x_wconf 90' lang='lat' dir='ltr'><strong>locis</strong></span> <span class='ocrx_word' id='word_1_197' title='bbox 1137 2651 1193 2686; x_wconf 88' lang='lat' dir='ltr'><strong>car-</strong></span> 
     </span>
     <span class='ocr_line' id='line_1_23' title="bbox 40 2717 1191 2788; baseline -0.006 -12"><span class='ocrx_word' id='word_1_198' title='bbox 40 2720 106 2775; x_wconf 82' lang='lat' dir='ltr'><strong>uiuis</strong></span> <span class='ocrx_word' id='word_1_199' title='bbox 123 2723 155 2776; x_wconf 92' lang='lat' dir='ltr'><strong>de</strong></span> <span class='ocrx_word' id='word_1_200' title='bbox 166 2721 360 2776; x_wconf 88' lang='lat' dir='ltr'><strong>Hildebrando</strong></span> <span class='ocrx_word' id='word_1_201' title='bbox 375 2719 456 2774; x_wconf 89' lang='lat' dir='ltr'><strong>etiam</strong></span> <span class='ocrx_word' id='word_1_202' title='bbox 468 2719 575 2774; x_wconf 81' lang='lat' dir='ltr'><strong>finalem</strong></span> <span class='ocrx_word' id='word_1_203' title='bbox 588 2721 770 2774; x_wconf 83' lang='lat' dir='ltr'><strong>assonantiam</strong></span> <span class='ocrx_word' id='word_1_204' title='bbox 783 2721 903 2774; x_wconf 85' lang='lat' dir='ltr'><strong>ostendit</strong></span> <span class='ocrx_word' id='word_1_205' title='bbox 915 2720 1104 2774; x_wconf 88' lang='lat' dir='ltr'><strong>Lachmanuus</strong></span> <span class='ocrx_word' id='word_1_206' title='bbox 1119 2717 1191 2788; x_wconf 86' lang='lat' dir='ltr'><strong>(Act.</strong></span> 
     </span>
     <span class='ocr_line' id='line_1_24' title="bbox 40 2803 800 2879; baseline -0.003 -17"><span class='ocrx_word' id='word_1_207' title='bbox 40 2803 300 2879; x_wconf 78' lang='lat' dir='ltr'><strong>historico-philolog.</strong></span> <span class='ocrx_word' id='word_1_208' title='bbox 314 2803 399 2860; x_wconf 83' lang='lat' dir='ltr'><strong>Aoad.</strong></span> <span class='ocrx_word' id='word_1_209' title='bbox 415 2804 535 2858; x_wconf 86' lang='lat' dir='ltr'><strong>Berolin.</strong></span> <span class='ocrx_word' id='word_1_210' title='bbox 548 2822 573 2858; x_wconf 86' lang='lat' dir='ltr'><strong>a.</strong></span> <span class='ocrx_word' id='word_1_211' title='bbox 591 2807 666 2871; x_wconf 79' lang='grc'><strong>1833,</strong></span> <span class='ocrx_word' id='word_1_212' title='bbox 680 2823 708 2876; x_wconf 91' lang='lat' dir='ltr'><strong>p.</strong></span> <span class='ocrx_word' id='word_1_213' title='bbox 725 2807 800 2876; x_wconf 71' lang='grc' dir='ltr'><strong>181Ιε</strong></span> 
     </span>
    </p>

    <p class='ocr_par' dir='ltr' id='par_1_7' title="bbox 37 2903 1198 4138">
     <span class='ocr_line' id='line_1_25' title="bbox 269 2903 881 2986; baseline 0.002 -25"><span class='ocrx_word' id='word_1_214' title='bbox 269 2907 300 2962; x_wconf 78' lang='lat' dir='ltr'><strong>in</strong></span> <span class='ocrx_word' id='word_1_215' title='bbox 309 2923 355 2960; x_wconf 80' lang='lat' dir='ltr'><strong>esse</strong></span> <span class='ocrx_word' id='word_1_216' title='bbox 369 2911 374 2975; x_wconf 92' lang='grc' dir='ltr'>Ι</span> <span class='ocrx_word' id='word_1_217' title='bbox 390 2907 494 2960; x_wconf 70' lang='lat' dir='ltr'><strong>Mrem</strong></span> <span class='ocrx_word' id='word_1_218' title='bbox 505 2907 568 2960; x_wconf 78' lang='lat' dir='ltr'><strong>nain</strong></span> <span class='ocrx_word' id='word_1_219' title='bbox 580 2903 590 2977; x_wconf 90' lang='grc' dir='ltr'>Ι</span> <span class='ocrx_word' id='word_1_220' title='bbox 617 2905 622 2986; x_wconf 85' lang='grc' dir='ltr'>Ι</span> <span class='ocrx_word' id='word_1_221' title='bbox 638 2907 727 2960; x_wconf 72' lang='lat' dir='ltr'><strong>lnbts&#39;</strong></span> <span class='ocrx_word' id='word_1_222' title='bbox 734 2907 881 2976; x_wconf 66' lang='lat' dir='ltr'><strong>pisinnan.</strong></span> 
     </span>
     <span class='ocr_line' id='line_1_26' title="bbox 268 2991 827 3061; baseline -0.002 -14"><span class='ocrx_word' id='word_1_223' title='bbox 268 2992 316 3048; x_wconf 77' lang='lat' dir='ltr'><strong>dor</strong></span> <span class='ocrx_word' id='word_1_224' title='bbox 326 2995 352 3046; x_wconf 82' lang='lat' dir='ltr'><strong>ai</strong></span> <span class='ocrx_word' id='word_1_225' title='bbox 362 2993 413 3046; x_wconf 72' lang='lat' dir='ltr'><strong>dol</strong></span> <span class='ocrx_word' id='word_1_226' title='bbox 425 3009 463 3046; x_wconf 75' lang='lat' dir='ltr'><strong>aa</strong></span> <span class='ocrx_word' id='word_1_227' title='bbox 477 2995 482 3058; x_wconf 96' lang='grc' dir='ltr'>Ι</span> <span class='ocrx_word' id='word_1_228' title='bbox 497 2991 604 3061; x_wconf 62' lang='lat' dir='ltr'><strong>tronto</strong></span> <span class='ocrx_word' id='word_1_229' title='bbox 654 2993 659 3061; x_wconf 94' lang='grc' dir='ltr'>Ι</span> <span class='ocrx_word' id='word_1_230' title='bbox 674 2993 827 3046; x_wconf 68' lang='lat' dir='ltr'><strong>burliaco.</strong></span> 
     </span>
     <span class='ocr_line' id='line_1_27' title="bbox 263 3077 842 3152; baseline 0 -20"><span class='ocrx_word' id='word_1_231' title='bbox 263 3077 327 3132; x_wconf 79' lang='lat' dir='ltr'><strong>sinti</strong></span> <span class='ocrx_word' id='word_1_232' title='bbox 336 3078 372 3132; x_wconf 85' lang='lat' dir='ltr'><strong>im</strong></span> <span class='ocrx_word' id='word_1_233' title='bbox 387 3078 427 3131; x_wconf 81' lang='lat' dir='ltr'><strong>iro</strong></span> <span class='ocrx_word' id='word_1_234' title='bbox 442 3083 447 3146; x_wconf 99' lang='grc' dir='ltr'>Ι</span> <span class='ocrx_word' id='word_1_235' title='bbox 464 3077 576 3152; x_wconf 77' lang='lat' dir='ltr'><strong>lintunl</strong></span> <span class='ocrx_word' id='word_1_236' title='bbox 602 3079 608 3150; x_wconf 95' lang='grc' dir='ltr'>Ι</span> <span class='ocrx_word' id='word_1_237' title='bbox 624 3077 711 3132; x_wconf 78' lang='lat' dir='ltr'><strong>lritts‘lo</strong></span> <span class='ocrx_word' id='word_1_238' title='bbox 723 3080 842 3132; x_wconf 72' lang='lat' dir='ltr'><strong>wattun.</strong></span> 
     </span>
     <span class='ocr_line' id='line_1_28' title="bbox 40 3176 1195 3252; baseline 0.001 -19"><span class='ocrx_word' id='word_1_239' title='bbox 40 3176 84 3233; x_wconf 77' lang='lat' dir='ltr'><strong>bad</strong></span> <span class='ocrx_word' id='word_1_240' title='bbox 94 3198 150 3236; x_wconf 88' lang='lat' dir='ltr'><strong>enm</strong></span> <span class='ocrx_word' id='word_1_241' title='bbox 161 3180 300 3236; x_wconf 86' lang='lat' dir='ltr'><strong>hibernici</strong></span> <span class='ocrx_word' id='word_1_242' title='bbox 311 3180 436 3234; x_wconf 88' lang='lat' dir='ltr'><strong>monachi</strong></span> <span class='ocrx_word' id='word_1_243' title='bbox 448 3180 477 3234; x_wconf 92' lang='lat' dir='ltr'><strong>iu</strong></span> <span class='ocrx_word' id='word_1_244' title='bbox 489 3180 613 3252; x_wconf 88' lang='lat' dir='ltr'><strong>plurimis</strong></span> <span class='ocrx_word' id='word_1_245' title='bbox 627 3179 787 3234; x_wconf 87' lang='lat' dir='ltr'><strong>Germaniae</strong></span> <span class='ocrx_word' id='word_1_246' title='bbox 795 3181 965 3236; x_wconf 88' lang='lat' dir='ltr'><strong>monasteriis</strong></span> <span class='ocrx_word' id='word_1_247' title='bbox 975 3180 1120 3247; x_wconf 74' lang='lat' dir='ltr'><strong>adfuerint,</strong></span> <span class='ocrx_word' id='word_1_248' title='bbox 1129 3199 1195 3235; x_wconf 91' lang='lat' dir='ltr'><strong>uum</strong></span> 
     </span>
     <span class='ocr_line' id='line_1_29' title="bbox 39 3265 1195 3334; baseline -0.001 -14"><span class='ocrx_word' id='word_1_249' title='bbox 39 3267 104 3334; x_wconf 80' lang='lat' dir='ltr'><strong>pauci</strong></span> <span class='ocrx_word' id='word_1_250' title='bbox 120 3267 160 3321; x_wconf 80' lang='lat' dir='ltr'><strong>uli</strong></span> <span class='ocrx_word' id='word_1_251' title='bbox 177 3283 276 3322; x_wconf 81' lang='lat' dir='ltr'><strong>versus</strong></span> <span class='ocrx_word' id='word_1_252' title='bbox 294 3265 446 3318; x_wconf 85' lang='lat' dir='ltr'><strong>imitatione</strong></span> <span class='ocrx_word' id='word_1_253' title='bbox 466 3265 621 3319; x_wconf 68' lang='lat' dir='ltr'><strong>hibernicae</strong></span> <span class='ocrx_word' id='word_1_254' title='bbox 638 3271 789 3320; x_wconf 87' lang='lat' dir='ltr'><strong>structurae</strong></span> <span class='ocrx_word' id='word_1_255' title='bbox 809 3265 873 3318; x_wconf 85' lang='lat' dir='ltr'><strong>iacti</strong></span> <span class='ocrx_word' id='word_1_256' title='bbox 886 3268 970 3320; x_wconf 80' lang='lat' dir='ltr'><strong>suut?</strong></span> <span class='ocrx_word' id='word_1_257' title='bbox 991 3267 1098 3322; x_wconf 90' lang='lat' dir='ltr'><strong>Ibidem</strong></span> <span class='ocrx_word' id='word_1_258' title='bbox 1110 3267 1195 3320; x_wconf 87' lang='lat' dir='ltr'><strong>Lach-</strong></span> 
     </span>
     <span class='ocr_line' id='line_1_30' title="bbox 39 3347 1196 3421; baseline -0.001 -16"><span class='ocrx_word' id='word_1_259' title='bbox 39 3365 138 3406; x_wconf 82' lang='lat' dir='ltr'><strong>naunus</strong></span> <span class='ocrx_word' id='word_1_260' title='bbox 157 3370 172 3406; x_wconf 87' lang='lat' dir='ltr'><strong>e</strong></span> <span class='ocrx_word' id='word_1_261' title='bbox 189 3349 311 3405; x_wconf 82' lang='lat' dir='ltr'><strong>carmine</strong></span> <span class='ocrx_word' id='word_1_262' title='bbox 328 3349 430 3402; x_wconf 86' lang='lat' dir='ltr'><strong>iormae</strong></span> <span class='ocrx_word' id='word_1_263' title='bbox 445 3349 597 3421; x_wconf 85' lang='lat' dir='ltr'><strong>primitivae</strong></span> <span class='ocrx_word' id='word_1_264' title='bbox 615 3349 745 3420; x_wconf 90' lang='lat' dir='ltr'><strong>inscripto</strong></span> <span class='ocrx_word' id='word_1_265' title='bbox 755 3347 919 3419; x_wconf 66' lang='lat' dir='ltr'><strong>“Musps&#39;lli&#39;</strong></span> <span class='ocrx_word' id='word_1_266' title='bbox 933 3351 1010 3408; x_wconf 77' lang='lat' dir='ltr'><strong>affert</strong></span> <span class='ocrx_word' id='word_1_267' title='bbox 1022 3353 1091 3405; x_wconf 92' lang='lat' dir='ltr'><strong>duos</strong></span> <span class='ocrx_word' id='word_1_268' title='bbox 1103 3369 1196 3406; x_wconf 89' lang='lat' dir='ltr'><strong>versus</strong></span> 
     </span>
     <span class='ocr_line' id='line_1_31' title="bbox 39 3433 1155 3510; baseline 0.002 -20"><span class='ocrx_word' id='word_1_269' title='bbox 39 3451 89 3490; x_wconf 86' lang='lat' dir='ltr'><strong>cun</strong></span> <span class='ocrx_word' id='word_1_270' title='bbox 99 3437 255 3494; x_wconf 73' lang='lat' dir='ltr'><strong>usonautia</strong></span> <span class='ocrx_word' id='word_1_271' title='bbox 266 3435 332 3490; x_wconf 84' lang='lat' dir='ltr'><strong>item</strong></span> <span class='ocrx_word' id='word_1_272' title='bbox 343 3433 427 3500; x_wconf 82' lang='lat' dir='ltr'><strong>finali,</strong></span> <span class='ocrx_word' id='word_1_273' title='bbox 442 3451 557 3506; x_wconf 91' lang='lat' dir='ltr'><strong>quorum</strong></span> <span class='ocrx_word' id='word_1_274' title='bbox 569 3436 657 3490; x_wconf 88' lang='lat' dir='ltr'><strong>omnis</strong></span> <span class='ocrx_word' id='word_1_275' title='bbox 669 3442 805 3490; x_wconf 85' lang='lat' dir='ltr'><strong>structura</strong></span> <span class='ocrx_word' id='word_1_276' title='bbox 816 3436 956 3492; x_wconf 84' lang='lat' dir='ltr'><strong>hibernica</strong></span> <span class='ocrx_word' id='word_1_277' title='bbox 968 3438 1155 3510; x_wconf 72' lang='lat' dir='ltr'><strong>cognosciturr</strong></span> 
     </span>
     <span class='ocr_line' id='line_1_32' title="bbox 188 3535 1023 3610; baseline 0.002 -18"><span class='ocrx_word' id='word_1_278' title='bbox 188 3539 238 3592; x_wconf 78' lang='lat' dir='ltr'><strong>diu</strong></span> <span class='ocrx_word' id='word_1_279' title='bbox 249 3537 347 3591; x_wconf 80' lang='lat' dir='ltr'><strong>marla</strong></span> <span class='ocrx_word' id='word_1_280' title='bbox 358 3535 587 3606; x_wconf 72' lang='lat' dir='ltr'><strong>bisseprunnan,</strong></span> <span class='ocrx_word' id='word_1_281' title='bbox 602 3537 611 3608; x_wconf 93' lang='grc' dir='ltr'>Ι</span> <span class='ocrx_word' id='word_1_282' title='bbox 624 3537 671 3592; x_wconf 79' lang='lat' dir='ltr'><strong>diu</strong></span> <span class='ocrx_word' id='word_1_283' title='bbox 685 3538 691 3608; x_wconf 92' lang='grc' dir='ltr'>Ι</span> <span class='ocrx_word' id='word_1_284' title='bbox 704 3539 760 3592; x_wconf 83' lang='lat' dir='ltr'><strong>reta</strong></span> <span class='ocrx_word' id='word_1_285' title='bbox 774 3539 779 3606; x_wconf 98' lang='grc' dir='ltr'>Ι</span> <span class='ocrx_word' id='word_1_286' title='bbox 793 3541 846 3592; x_wconf 76' lang='lat' dir='ltr'><strong>stat</strong></span> <span class='ocrx_word' id='word_1_287' title='bbox 854 3537 1023 3610; x_wconf 76' lang='lat' dir='ltr'><strong>pidoungan,</strong></span> 
     </span>
     <span class='ocr_line' id='line_1_33' title="bbox 187 3621 903 3696; baseline -0.001 -18"><span class='ocrx_word' id='word_1_288' title='bbox 187 3624 221 3678; x_wconf 82' lang='lat' dir='ltr'><strong>m&#39;</strong></span> <span class='ocrx_word' id='word_1_289' title='bbox 234 3627 240 3695; x_wconf 94' lang='grc' dir='ltr'>Ι</span> <span class='ocrx_word' id='word_1_290' title='bbox 254 3622 317 3676; x_wconf 64' lang='grc' dir='ltr'><strong>ποσὰ</strong></span> <span class='ocrx_word' id='word_1_291' title='bbox 328 3621 378 3676; x_wconf 81' lang='lat' dir='ltr'><strong>mit</strong></span> <span class='ocrx_word' id='word_1_292' title='bbox 389 3621 553 3694; x_wconf 73' lang='lat' dir='ltr'><strong>witspuoaez</strong></span> <span class='ocrx_word' id='word_1_293' title='bbox 568 3623 577 3696; x_wconf 89' lang='grc' dir='ltr'>Ι</span> <span class='ocrx_word' id='word_1_294' title='bbox 589 3642 636 3678; x_wconf 84' lang='lat' dir='ltr'><strong>eor</strong></span> <span class='ocrx_word' id='word_1_295' title='bbox 647 3623 793 3678; x_wconf 69' lang='lat' dir='ltr'><strong>astitrice</strong></span> <span class='ocrx_word' id='word_1_296' title='bbox 809 3624 814 3692; x_wconf 94' lang='grc' dir='ltr'>Ι</span> <span class='ocrx_word' id='word_1_297' title='bbox 829 3624 903 3692; x_wconf 68' lang='lat' dir='ltr'><strong>wine.</strong></span> 
     </span>
     <span class='ocr_line' id='line_1_34' title="bbox 38 3723 1194 3798; baseline 0.002 -20"><span class='ocrx_word' id='word_1_298' title='bbox 38 3723 80 3778; x_wconf 81' lang='lat' dir='ltr'><strong>Est</strong></span> <span class='ocrx_word' id='word_1_299' title='bbox 95 3727 209 3798; x_wconf 87' lang='lat' dir='ltr'><strong>quodvis</strong></span> <span class='ocrx_word' id='word_1_300' title='bbox 221 3725 374 3779; x_wconf 88' lang='lat' dir='ltr'><strong>membrum</strong></span> <span class='ocrx_word' id='word_1_301' title='bbox 386 3730 488 3793; x_wconf 88' lang='lat' dir='ltr'><strong>septem</strong></span> <span class='ocrx_word' id='word_1_302' title='bbox 501 3725 673 3795; x_wconf 85' lang='lat' dir='ltr'><strong>syllabarum,</strong></span> <span class='ocrx_word' id='word_1_303' title='bbox 688 3731 825 3794; x_wconf 75' lang='lat' dir='ltr'><strong>sunctura</strong></span> <span class='ocrx_word' id='word_1_304' title='bbox 837 3725 976 3780; x_wconf 88' lang='lat' dir='ltr'><strong>hibernica</strong></span> <span class='ocrx_word' id='word_1_305' title='bbox 988 3725 1066 3780; x_wconf 90' lang='lat' dir='ltr'><strong>valde</strong></span> <span class='ocrx_word' id='word_1_306' title='bbox 1079 3725 1194 3791; x_wconf 70' lang='lat' dir='ltr'><strong>mirata,</strong></span> 
     </span>
     <span class='ocr_line' id='line_1_35' title="bbox 38 3807 1197 3882; baseline 0.001 -19"><span class='ocrx_word' id='word_1_307' title='bbox 38 3813 180 3866; x_wconf 69' lang='lat' dir='ltr'><strong>monantia</strong></span> <span class='ocrx_word' id='word_1_308' title='bbox 198 3809 289 3864; x_wconf 79' lang='lat' dir='ltr'><strong>finalis</strong></span> <span class='ocrx_word' id='word_1_309' title='bbox 307 3807 440 3880; x_wconf 88' lang='lat' dir='ltr'><strong>bisyllaba</strong></span> <span class='ocrx_word' id='word_1_310' title='bbox 451 3808 564 3863; x_wconf 85' lang='lat' dir='ltr'><strong>dimidia</strong></span> <span class='ocrx_word' id='word_1_311' title='bbox 575 3809 767 3881; x_wconf 85' lang='lat' dir='ltr'><strong>contraposita,</strong></span> <span class='ocrx_word' id='word_1_312' title='bbox 782 3809 893 3865; x_wconf 85' lang='lat' dir='ltr'><strong>initialis</strong></span> <span class='ocrx_word' id='word_1_313' title='bbox 906 3811 1059 3865; x_wconf 86' lang='lat' dir='ltr'><strong>consociata</strong></span> <span class='ocrx_word' id='word_1_314' title='bbox 1070 3811 1099 3864; x_wconf 91' lang='lat' dir='ltr'><strong>in</strong></span> <span class='ocrx_word' id='word_1_315' title='bbox 1111 3811 1197 3882; x_wconf 91' lang='lat' dir='ltr'><strong>primo</strong></span> 
     </span>
     <span class='ocr_line' id='line_1_36' title="bbox 37 3893 1198 3967; baseline 0.003 -21"><span class='ocrx_word' id='word_1_316' title='bbox 37 3909 114 3961; x_wconf 84' lang='lat' dir='ltr'><strong>versu,</strong></span> <span class='ocrx_word' id='word_1_317' title='bbox 128 3895 315 3965; x_wconf 83' lang='lat' dir='ltr'><strong>contraposita</strong></span> <span class='ocrx_word' id='word_1_318' title='bbox 332 3893 361 3948; x_wconf 88' lang='lat' dir='ltr'><strong>in</strong></span> <span class='ocrx_word' id='word_1_319' title='bbox 375 3893 504 3948; x_wconf 84' lang='lat' dir='ltr'><strong>seeundo.</strong></span> <span class='ocrx_word' id='word_1_320' title='bbox 531 3895 633 3948; x_wconf 82' lang='lat' dir='ltr'><strong>Otiridi</strong></span> <span class='ocrx_word' id='word_1_321' title='bbox 645 3911 761 3960; x_wconf 89' lang='lat' dir='ltr'><strong>carmen,</strong></span> <span class='ocrx_word' id='word_1_322' title='bbox 776 3895 849 3966; x_wconf 89' lang='lat' dir='ltr'><strong>quod</strong></span> <span class='ocrx_word' id='word_1_323' title='bbox 861 3897 978 3967; x_wconf 87' lang='lat' dir='ltr'><strong>primum</strong></span> <span class='ocrx_word' id='word_1_324' title='bbox 990 3915 1070 3950; x_wconf 87' lang='lat' dir='ltr'><strong>omna</strong></span> <span class='ocrx_word' id='word_1_325' title='bbox 1082 3897 1198 3967; x_wconf 84' lang='lat' dir='ltr'><strong>priscam</strong></span> 
     </span>
     <span class='ocr_line' id='line_1_37' title="bbox 37 3977 1197 4052; baseline 0.003 -22"><span class='ocrx_word' id='word_1_326' title='bbox 37 3977 138 4034; x_wconf 83' lang='lat' dir='ltr'><strong>iornsm</strong></span> <span class='ocrx_word' id='word_1_327' title='bbox 150 3979 310 4050; x_wconf 90' lang='lat' dir='ltr'><strong>relinquens</strong></span> <span class='ocrx_word' id='word_1_328' title='bbox 323 3979 504 4034; x_wconf 77' lang='lat' dir='ltr'><strong>assomntiam</strong></span> <span class='ocrx_word' id='word_1_329' title='bbox 517 3979 624 4034; x_wconf 85' lang='lat' dir='ltr'><strong>finalem</strong></span> <span class='ocrx_word' id='word_1_330' title='bbox 636 3980 758 4052; x_wconf 85' lang='lat' dir='ltr'><strong>adoptat,</strong></span> <span class='ocrx_word' id='word_1_331' title='bbox 769 3981 906 4036; x_wconf 85' lang='lat' dir='ltr'><strong>interdum</strong></span> <span class='ocrx_word' id='word_1_332' title='bbox 916 3981 1037 4051; x_wconf 86' lang='lat' dir='ltr'><strong>ejusdem</strong></span> <span class='ocrx_word' id='word_1_333' title='bbox 1047 3987 1197 4034; x_wconf 84' lang='lat' dir='ltr'><strong>structurae</strong></span> 
     </span>
     <span class='ocr_line' id='line_1_38' title="bbox 38 4063 865 4138; baseline 0 -20"><span class='ocrx_word' id='word_1_334' title='bbox 38 4063 142 4120; x_wconf 64' lang='lat' dir='ltr'><strong>Melta</strong></span> <span class='ocrx_word' id='word_1_335' title='bbox 154 4066 244 4129; x_wconf 85' lang='lat' dir='ltr'><strong>offert,</strong></span> <span class='ocrx_word' id='word_1_336' title='bbox 259 4065 324 4120; x_wconf 90' lang='lat' dir='ltr'><strong>dum</strong></span> <span class='ocrx_word' id='word_1_337' title='bbox 336 4064 365 4117; x_wconf 88' lang='lat' dir='ltr'><strong>in</strong></span> <span class='ocrx_word' id='word_1_338' title='bbox 377 4063 437 4118; x_wconf 87' lang='lat' dir='ltr'><strong>aliis</strong></span> <span class='ocrx_word' id='word_1_339' title='bbox 449 4065 559 4119; x_wconf 90' lang='lat' dir='ltr'><strong>liberior</strong></span> <span class='ocrx_word' id='word_1_340' title='bbox 571 4065 725 4138; x_wconf 79' lang='lat' dir='ltr'><strong>germanica</strong></span> <span class='ocrx_word' id='word_1_341' title='bbox 736 4065 865 4138; x_wconf 87' lang='lat' dir='ltr'><strong>persistit.</strong></span> 
     </span>
    </p>

    <p class='ocr_par' dir='ltr' id='par_1_8' title="bbox 36 4149 1200 4477">
     <span class='ocr_line' id='line_1_39' title="bbox 83 4149 1198 4222; baseline -0.002 -18"><span class='ocrx_word' id='word_1_342' title='bbox 83 4151 107 4178; x_wconf 79' lang='lat'><strong>”</strong></span> <span class='ocrx_word' id='word_1_343' title='bbox 124 4151 220 4222; x_wconf 88' lang='lat' dir='ltr'><strong>Hujus</strong></span> <span class='ocrx_word' id='word_1_344' title='bbox 237 4149 402 4204; x_wconf 83' lang='lat' dir='ltr'><strong>hibernicam</strong></span> <span class='ocrx_word' id='word_1_345' title='bbox 422 4151 554 4222; x_wconf 75' lang='lat' dir='ltr'><strong>originem</strong></span> <span class='ocrx_word' id='word_1_346' title='bbox 571 4151 687 4205; x_wconf 84' lang='lat' dir='ltr'><strong>affirmat</strong></span> <span class='ocrx_word' id='word_1_347' title='bbox 704 4169 777 4204; x_wconf 88' lang='lat' dir='ltr'><strong>nunc</strong></span> <span class='ocrx_word' id='word_1_348' title='bbox 796 4151 877 4205; x_wconf 86' lang='lat' dir='ltr'><strong>etiam</strong></span> <span class='ocrx_word' id='word_1_349' title='bbox 889 4149 1064 4220; x_wconf 78' lang='lat' dir='ltr'><strong>Waagenius,</strong></span> <span class='ocrx_word' id='word_1_350' title='bbox 1079 4149 1120 4202; x_wconf 90' lang='lat' dir='ltr'><strong>vir</strong></span> <span class='ocrx_word' id='word_1_351' title='bbox 1139 4149 1198 4220; x_wconf 91' lang='lat' dir='ltr'><strong>ejus</strong></span> 
     </span>
     <span class='ocr_line' id='line_1_40' title="bbox 37 4233 1200 4308; baseline 0 -20"><span class='ocrx_word' id='word_1_352' title='bbox 37 4233 93 4288; x_wconf 72' lang='lat' dir='ltr'><strong>artis</strong></span> <span class='ocrx_word' id='word_1_353' title='bbox 109 4237 137 4290; x_wconf 92' lang='lat' dir='ltr'><strong>in</strong></span> <span class='ocrx_word' id='word_1_354' title='bbox 154 4235 251 4307; x_wconf 87' lang='lat' dir='ltr'><strong>primis</strong></span> <span class='ocrx_word' id='word_1_355' title='bbox 268 4253 369 4306; x_wconf 75' lang='lat' dir='ltr'><strong>guarus</strong></span> <span class='ocrx_word' id='word_1_356' title='bbox 389 4235 532 4308; x_wconf 87' lang='lat' dir='ltr'><strong>(Deutseh.</strong></span> <span class='ocrx_word' id='word_1_357' title='bbox 551 4235 730 4302; x_wconf 84' lang='lat' dir='ltr'><strong>Kunstblstt‚</strong></span> <span class='ocrx_word' id='word_1_358' title='bbox 754 4239 794 4290; x_wconf 91' lang='grc'><strong>18.</strong></span> <span class='ocrx_word' id='word_1_359' title='bbox 815 4236 898 4290; x_wconf 85' lang='lat' dir='ltr'><strong>Mart.</strong></span> <span class='ocrx_word' id='word_1_360' title='bbox 915 4236 1001 4306; x_wconf 82' lang='grc'><strong>1850).</strong></span> <span class='ocrx_word' id='word_1_361' title='bbox 1028 4234 1200 4290; x_wconf 75' lang='lat' dir='ltr'><strong>concordant</strong></span> 
     </span>
     <span class='ocr_line' id='line_1_41' title="bbox 38 4319 1198 4392; baseline 0.002 -18"><span class='ocrx_word' id='word_1_362' title='bbox 38 4335 99 4390; x_wconf 84' lang='lat' dir='ltr'><strong>quse</strong></span> <span class='ocrx_word' id='word_1_363' title='bbox 116 4321 274 4374; x_wconf 87' lang='lat' dir='ltr'><strong>doctissime</strong></span> <span class='ocrx_word' id='word_1_364' title='bbox 293 4319 401 4374; x_wconf 90' lang='lat' dir='ltr'><strong>disserit</strong></span> <span class='ocrx_word' id='word_1_365' title='bbox 418 4321 451 4374; x_wconf 91' lang='lat' dir='ltr'><strong>de</strong></span> <span class='ocrx_word' id='word_1_366' title='bbox 469 4320 633 4392; x_wconf 84' lang='lat' dir='ltr'><strong>imaginibus</strong></span> <span class='ocrx_word' id='word_1_367' title='bbox 651 4327 680 4374; x_wconf 89' lang='lat' dir='ltr'><strong>et</strong></span> <span class='ocrx_word' id='word_1_368' title='bbox 697 4320 836 4392; x_wconf 88' lang='lat' dir='ltr'><strong>scripturis</strong></span> <span class='ocrx_word' id='word_1_369' title='bbox 858 4319 982 4374; x_wconf 90' lang='lat' dir='ltr'><strong>codicum</strong></span> <span class='ocrx_word' id='word_1_370' title='bbox 998 4320 1198 4376; x_wconf 89' lang='lat' dir='ltr'><strong>hibernieorum</strong></span> 
     </span>
     <span class='ocr_line' id='line_1_42' title="bbox 36 4401 1200 4477; baseline 0.005 -21"><span class='ocrx_word' id='word_1_371' title='bbox 36 4401 155 4460; x_wconf 81' lang='lat' dir='ltr'><strong>Kellerus</strong></span> <span class='ocrx_word' id='word_1_372' title='bbox 170 4405 276 4476; x_wconf 89' lang='lat' dir='ltr'><strong>(Bilder</strong></span> <span class='ocrx_word' id='word_1_373' title='bbox 295 4423 323 4458; x_wconf 91' lang='lat' dir='ltr'><strong>u.</strong></span> <span class='ocrx_word' id='word_1_374' title='bbox 338 4405 507 4477; x_wconf 80' lang='lat' dir='ltr'><strong>Schriltziige</strong></span> <span class='ocrx_word' id='word_1_375' title='bbox 522 4406 550 4460; x_wconf 90' lang='lat' dir='ltr'><strong>in</strong></span> <span class='ocrx_word' id='word_1_376' title='bbox 564 4406 616 4460; x_wconf 90' lang='lat' dir='ltr'><strong>den</strong></span> <span class='ocrx_word' id='word_1_377' title='bbox 630 4405 746 4460; x_wconf 89' lang='lat' dir='ltr'><strong>irischen</strong></span> <span class='ocrx_word' id='word_1_378' title='bbox 758 4404 964 4476; x_wconf 82' lang='lat' dir='ltr'><strong>Manuscripteu</strong></span> <span class='ocrx_word' id='word_1_379' title='bbox 976 4403 1024 4460; x_wconf 88' lang='lat' dir='ltr'><strong>der</strong></span> <span class='ocrx_word' id='word_1_380' title='bbox 1036 4405 1200 4462; x_wconf 83' lang='lat' dir='ltr'><strong>schweizeri·</strong></span> 
     </span>
    </p>
   </div>
   <div class='ocr_carea' id='block_1_6' title="bbox 37 4488 549 4562">
    <p class='ocr_par' dir='ltr' id='par_1_9' title="bbox 37 4488 549 4562">
     <span class='ocr_line' id='line_1_43' title="bbox 37 4488 549 4562; baseline 0.006 -21"><span class='ocrx_word' id='word_1_381' title='bbox 37 4488 111 4544; x_wconf 84' lang='lat' dir='ltr'><strong>seben</strong></span> <span class='ocrx_word' id='word_1_382' title='bbox 122 4491 328 4545; x_wconf 86' lang='lat' dir='ltr'><strong>Bibliotheken.</strong></span> <span class='ocrx_word' id='word_1_383' title='bbox 348 4491 446 4546; x_wconf 84' lang='lat' dir='ltr'><strong>zurich</strong></span> <span class='ocrx_word' id='word_1_384' title='bbox 462 4492 549 4562; x_wconf 77' lang='lat'>1850).</span> 
     </span>
    </p>
   </div>
   <div class='ocr_carea' id='block_1_7' title="bbox 0 0 1494 5054">
    <p class='ocr_par' dir='ltr' id='par_1_10' title="bbox 0 0 1494 5054">
     <span class='ocr_line' id='line_1_44' title="bbox 0 0 1494 5054; baseline 0 1"><span class='ocrx_word' id='word_1_385' title='bbox 0 0 1494 5054; x_wconf 95' lang='lat' dir='ltr'><strong> </strong></span> 
     </span>
    </p>
   </div>
  </div>
 </body>
</html>
