2994 5052
298 333 360 397 IV.
379 337 409 394 2.
438 351 718 396 000000οι000Εο
734 349 970 395 00100001οΑ0.
1154 332 1215 394 007

54 502 202 585 equestris
225 505 407 568 secundum
427 503 552 586 silvam)
572 511 600 580 1,
620 509 693 566 237.
725 504 866 567 Obvium
880 503 965 565 idem
981 501 1215 566 substantivum

54 629 117 670 oum
132 629 247 691 praep.
265 630 321 691 yn,
341 609 523 690 significans
541 611 586 672 ad
598 609 785 693 maryr'nern,
802 611 855 672 od.

129 715 219 776 Cum
241 733 351 796 praep.
369 737 413 798 yn
434 714 542 796 plura:
568 714 668 776 kardo
687 736 731 799 yn
753 715 850 798 erbyn
871 735 911 797 yr
925 713 986 776 allt
1000 711 1094 776 001001
1107 714 1215 795 (perge

56 831 157 882 eontra
180 819 305 882 saltum
325 824 464 901 sursum)
481 819 569 881 Mab.
591 825 619 894 l,
641 826 670 879 7.
693 841 737 903 yn
756 841 795 880 00
814 817 934 901 herbyn
948 817 1066 902 ydanth
1075 821 1217 900 paredus·

57 925 97 1002 (10
109 945 284 988 occursum
299 923 344 986 eis
358 924 417 986 ivit
432 926 488 1005 Ρ.)
504 931 532 1000 1,
548 930 621 985 237.
639 945 681 1006 yn
696 923 818 1007 ymyly
826 923 1001 1008 ffynnown
1015 946 1036 1006 y
1051 945 1121 985 mae
1136 921 1216 985 llecls

57 1029 205 1110 (adlatus
220 1029 371 1094 fontanae
387 1039 435 1091 001
449 1028 556 1111 10010),
572 1028 652 1091 11000
667 1049 797 1090 normor
810 1051 853 1112 yn
867 1051 888 1112 y
904 1028 1016 1112 hynzyl
1025 1027 1119 1110 (lapis
1134 1049 1216 1090 mar-

57 1153 174 1194 moreus
190 1132 227 1193 in
243 1133 312 1216 ejus
327 1133 439 1214 latere)
459 1141 487 1209 1,
506 1139 536 1195 8.
557 1155 600 1218 yn
615 1133 749 1216 ystlysy
766 1142 831 1194 0001
842 1135 947 1216 ydoed
961 1133 1050 1217 llynn
1067 1135 1216 1212 (admar-

57 1237 157 1319 ginem
175 1237 277 1300 silvae
293 1247 360 1300 erat
373 1238 475 1319 10000)
495 1247 522 1314 1,
543 1244 615 1300 241.
641 1237 792 1300 0000111111
809 1241 880 1300 dnw
895 1238 934 1302 in
947 1261 990 1322 yn
1008 1239 1049 1300 lle
1064 1240 1105 1322 dy
1122 1239 1217 1302 100ον

59 1342 250 1422 (maledictio
273 1343 325 1405 dei
345 1343 405 1406 tibi
426 1343 495 1405 loeo
516 1343 633 1406 laboris
654 1343 713 1418 tui,
731 1365 789 1426 pro
804 1365 840 1406 eo
856 1345 941 1426 quod
956 1342 1071 1424 fecisti)
1091 1349 1120 1420 1,
1139 1349 1213 1404 293.

59 1448 121 1531 dny
142 1447 247 1532 yssyd
265 1470 330 1532 yny
352 1448 443 1510 aloen
463 1449 555 1531 adny
577 1469 641 1531 yny
663 1447 696 1512 ol
708 1449 786 1527 (duo
808 1459 882 1510 0010
898 1450 941 1524 id,
961 1469 1087 1530 agmen,
1105 1461 1137 1511 et
1152 1450 1215 1513 duo

59 1567 123 1636 post
139 1554 186 1629 id,
206 1554 299 1636 signa
307 1577 316 1627 ;
340 1553 529 1636 ystondard)
549 1559 577 1628 1,
598 1559 648 1614 30.
673 1552 789 1638 100100
810 1575 848 1616 en
870 1553 960 1616 bloen
983 1555 1127 1634 (0.0010
1149 1567 1213 1632 000,

58 1659 260 1741 praecedebat
268 1683 276 1733 ;
295 1679 395 1741 germ.
410 1679 452 1719 an
464 1657 548 1720 ihrer
559 1657 671 1739 spitze)
687 1665 716 1733 1,
728 1662 800 1719 267.
820 1659 946 1720 brinate
957 1659 1093 1742 ymplitlu
1105 1659 1217 1742 dwnyr

60 1767 201 1846 (ooquere
227 1765 264 1825 in
290 1765 385 1845 aqua)
404 1769 439 1838 3,
459 1769 531 1824 301.
560 1763 601 1845 ef
620 1763 731 1825 0000101
755 1763 859 1846 0000ῐί
876 1763 1012 1847 ymplz'td
1030 1787 1051 1847 y
1067 1764 1218 1848 pebyllen

59 1871 144 1932 000111
157 1869 254 1951 (vidit
274 1867 447 1931 tentorium
469 1867 552 1929 inter
570 1866 632 1929 alia
648 1867 796 1948 tentoria)
816 1876 844 1943 1,
864 1873 901 1928 27
907 1875 936 1929 9.
959 1869 1070 1952 ywedy
1085 1891 1106 1953 y
1122 1871 1219 1952 dynot

59 1972 189 2057 ymplitlr
204 1995 225 2057 y
238 1973 377 2057 yenedyl
386 1975 471 2055 (post
486 1971 553 2054 ejus
569 1974 741 2034 adventum
757 1971 841 2034 inter
852 1984 1002 2054 cognatos
1015 1979 1103 2054 suos)
1119 1981 1146 2048 1,
1163 1980 1215 2040 20.

60 2079 131 2141 dodi
141 2078 322 2162 yolwytlron
333 2077 470 2160 yykylolr
481 2100 502 2160 y
516 2085 569 2140 tan
582 2080 712 2160 (ponere
723 2077 824 2139 frusta
834 2076 937 2140 carnis
949 2078 1069 2140 circum
1080 2078 1214 2162 ignem),

60 2203 99 2265 yn
111 2203 217 2264 ywere
230 2205 296 2266 yny
308 2182 405 2265 yyloh
420 2181 547 2262 (ludens
563 2181 681 2244 circum
696 2203 781 2256 eum,
799 2181 862 2262 100)
881 2189 909 2258 1,
931 2189 980 2246 31.

142 2288 255 2368 Praep.
272 2309 294 2370 y
316 2297 391 2349 ante
413 2285 612 2349 substantiva
627 2288 782 2368 quaedam
797 2297 845 2348 est
859 2286 946 2348 haud
961 2287 1057 2349 dubie
1072 2309 1089 2349 0
1105 2289 1141 2350 di
1155 2287 1217 2368 (hi-

62 2391 146 2452 bern.
163 2393 234 2472 do):
258 2413 297 2453 ao
317 2415 339 2475 y
360 2391 451 2475 ymyl
467 2414 488 2474 y
503 2412 609 2472 prenn
625 2389 796 2474 ydenthnm
812 2392 858 2470 (et
873 2392 913 2453 ad
928 2391 1013 2453 latus
1029 2391 1159 2467 arboris,
1177 2393 1215 2454 ad

64 2497 199 2558 arborem
214 2495 302 2575 veni)
318 2495 407 2557 Mab.
430 2504 458 2570 1,
477 2501 506 2556 8.
526 2495 562 2556 cn·
572 2493 745 2577 ynartdom
761 2495 903 2574 compnll
915 2496 969 2575 (ad
985 2517 1146 2557 summum
1162 2497 1214 2571 0.,

65 2605 196 2680 amnem)
212 2599 286 2662 Lib.
305 2599 409 2662 Land.
430 2608 480 2662 70.
512 2598 668 2682 Opposita
689 2609 765 2660 sunt
784 2619 806 2681 y
828 2621 913 2662 mnes
931 2599 979 2678 (10
995 2621 1153 2682 campum,
1172 2601 1217 2663 fo-

65 2709 123 2784 ras)
137 2716 167 2766 et
180 2725 307 2788 ymywn
323 2703 371 2784 (in
386 2703 539 2778 medium,
556 2703 666 2784 intra),
681 2713 753 2786 post
766 2704 861 2764 verba
875 2701 1036 2778 motionis,
1051 2703 1217 2785 inquibus

66 2810 165 2872 adem
185 2809 378 2892 praepositio
398 2808 499 2891 possit
514 2808 663 2890 supponi,
681 2829 756 2870 cum
770 2817 880 2870 contra
894 2827 1019 2892 ymywn
1035 2806 1084 2888 (10
1098 2807 1217 2888 medio)

67 2913 104 2975 sit
116 2935 169 2995 pro
182 2936 226 2998 yn
240 2897 355 2997 rnywn.

143 3018 414 3100 Praepositionsm
435 3041 453 3080 0
473 3018 712 3100 praemittentia
737 3018 937 3082 substantiva
961 3018 1066 3080 locum
1090 3029 1122 3080 et
1144 3039 1217 3080 cau-

70 3143 128 3186 sam
143 3123 333 3186 indicantia:
358 3145 375 3184 o
391 3121 510 3189 omilin
524 3123 594 3185 cair
610 3122 727 3186 tollooit
741 3126 773 3203 (0
788 3123 885 3186 latere
901 3123 995 3186 castri
1010 3123 1064 3199 Τ.,
1082 3146 1101 3185 0
1116 3135 1218 3186 castro

71 3225 118 3305 T.)
132 3227 200 3292 Lib.
218 3228 322 3296 Laud
344 3234 415 3288 170.
442 3250 458 3288 0
479 3227 561 3291 mois
584 3227 598 3289 r'
608 3222 798 3310 yneirclond
811 3227 895 3290 indit
901 3250 989 3309 pann
1005 3227 1222 3310 1000001000

72 3331 162 3408 (extra
180 3343 308 3414 pratum
330 3353 431 3412 usque
453 3333 493 3393 ad
515 3331 645 3394 initium
659 3331 756 3414 prati)
773 3331 844 3393 Lib.
863 3333 967 3393 Land.
987 3337 1059 3393 257.
1084 3333 1218 3417 0001001-

72 3433 158 3497 cham
180 3438 227 3520 yd
249 3437 332 3520 ydys
357 3435 501 3499 00010000
528 3436 706 3500 moredano
728 3434 909 3518 (eaptivitas
934 3457 1006 3498 mea
1032 3446 1080 3498 est
1102 3437 1217 3518 equitis

72 3544 166 3620 causa)
181 3541 269 3604 Mab.
291 3549 319 3616 1,
340 3547 391 3603 31.
414 3541 522 3626 hynny
546 3539 663 3616 0110110
685 3539 811 3604 001000
834 3539 870 3602 di
881 3539 974 3618 (haec
997 3541 1105 3604 omnia
1124 3564 1141 3603 s
1163 3553 1220 3605 tua
1317 3563 1321 3570 ·

72 3663 163 3719 causa,
179 3657 308 3728 propter
322 3649 367 3728 10)
387 3654 415 3722 1,
435 3651 507 3707 283.

144 3749 377 3832 Frequentioris
397 3771 475 3814 usus
495 3771 553 3833 pro
567 3749 866 3834 praepositionibua
884 3773 981 3834 quam
995 3752 1030 3814 in
1044 3751 1156 3834 lingua
1171 3752 1218 3812 hi-

72 3848 183 3914 bernica
203 3854 433 3935 (01000100,
458 3855 632 3930 0001010100,
658 3863 805 3930 torcenn,
829 3877 862 3938 p.
882 3864 954 3918 577.
975 3861 1069 3937 017),
1088 3867 1164 3918 0001
1184 3855 1219 3917 10

72 3957 213 4020 cambriae
241 3958 442 4020 substantiva
466 3960 609 4022 membra
633 3961 684 4022 vel
709 3971 814 4042 partes
840 3961 978 4042 corporis
1005 3958 1216 4040 designantia,

72 4061 236 4137 praemissis
251 4062 331 4125 item
344 4063 630 4146 praepositionibus
646 4075 712 4127 tarn
726 4065 861 4148 propriis
878 4087 973 4146 quam
988 4062 1215 4136 nominalibue,

73 4182 96 4221 e·
110 4183 153 4244 gr.
170 4187 233 4241 am,
250 4189 306 4251 yn,
324 4189 391 4244 roc,
406 4189 475 4251 yer,
500 4167 558 4243 In't,
576 4169 634 4252 loyt
653 4190 697 4253 yn
719 4178 779 4234 010.
814 4167 1020 4242 Pronomina,
1039 4167 1067 4228 si
1087 4167 1215 4241 adsunt,

73 4263 117 4327 hie
138 4289 259 4351 quoque
281 4281 359 4334 0001
381 4273 558 4354 possessiva
579 4273 689 4336 infixa.
722 4273 930 4335 Substantiva
951 4269 1107 4352 ejusmodi
1122 4279 1215 4338 sunt:

69 4377 291 4524 0011000001),
312 4377 360 4439 101
372 4377 498 4456 (frons),
517 4377 616 4441 bronn
631 4379 782 4460 (000100),
802 4379 877 4441 llaw
892 4379 1045 4454 (manus).

117 4483 174 4526 rot.
204 4474 226 4526 1.
873 4517 877 4534 ,
974 4479 1014 4537 42
