2978 5054
237 315 297 378 VI.
318 319 346 376 2.
378 333 601 378 consinucrro
618 333 756 378 nonanes
772 333 970 378 nrannnrcn.
1124 315 1187 378 925

170 487 249 560 Vela,
273 483 278 570 1
297 489 395 559 frater,
418 483 422 570 Ι
442 487 610 546 florentibus
625 481 815 570 fljuvenbntis
830 507 898 546 cnm
912 485 1029 558 viridia

134 592 172 646 Ut
188 583 192 670 l
212 590 314 647 floreas
330 609 396 648 cum
410 591 526 648 domino
543 583 554 671 l
570 591 601 648 in
621 584 626 672 l
646 591 822 665 sempiterno
842 588 847 665 Ι
867 589 949 659 solio,

130 694 191 754 Qua
203 697 343 765 martyres
358 692 389 748 in
408 691 413 766 Ι
433 711 520 750 cunco
536 686 547 773 Ι]
563 711 662 767 regem
681 685 685 770 Ι
706 700 811 750 canent
825 693 966 761 aethereo,

129 793 285 868 Prophetae
300 793 468 868 apostolicis
484 787 494 874 ΙΙ
530 787 534 874 l
555 795 757 852 consonabunt
771 801 801 852 et
815 794 959 852 laudibw.

111 939 239 1002 Nonnisi
259 940 417 1024 bisyllaba
439 941 621 1004 assonantia
642 941 749 1004 finalis
765 953 798 1004 et
812 941 1010 1024 frequentius
1025 943 1183 1027 monosyl-

45 1044 100 1108 labo
116 1044 224 1128 legitur
245 1045 310 1122 hic,
329 1067 410 1130 quae
431 1069 497 1109 una
519 1069 592 1109 cum
613 1045 730 1110 initiali
745 1069 815 1110 eam
831 1045 1100 1111 constructionem
1116 1071 1184 1112 ora-

46 1151 118 1213 tionis
132 1151 241 1234 ligatae
257 1151 353 1228 sistit,
372 1173 454 1235 qnae
469 1151 503 1214 in
518 1152 653 1215 vetustis
668 1151 861 1216 carminibus
877 1151 1038 1216 hibernico
1053 1163 1086 1216 et
1100 1175 1183 1218 cam-

44 1255 108 1318 brice
121 1257 236 1340 scriptis
252 1257 402 1341 primitus
418 1257 541 1320 obtinet
556 1269 588 1321 et
603 1257 824 1320 communiter.

107 1363 193 1425 Hanc
212 1363 348 1426 formam
369 1363 520 1426 orationis
543 1363 683 1446 potticae
706 1365 776 1447 quis
799 1363 906 1426 credet
921 1385 988 1427 csse
1003 1375 1105 1428 ortam
1119 1367 1183 1450 pri-

43 1487 110 1550 num
120 1471 197 1551 apud
209 1472 321 1552 poetas
333 1467 523 1532 christianos
535 1469 677 1532 finientis
689 1467 813 1552 imperii
824 1468 964 1531 Romani
976 1480 1008 1532 et
1020 1471 1183 1534 transiisse

42 1573 193 1637 adllardos
215 1575 427 1638 Cambrorum
456 1585 488 1637 et
516 1575 551 1638 in
574 1574 714 1638 carmina
733 1573 866 1658 gentilia
888 1574 1181 1639 Scandinavoruml

42 1679 205 1742 iconentis
225 1679 362 1742 initialis
385 1691 491 1742 autem
512 1681 539 1744 si
554 1680 682 1764 propria
696 1680 830 1742 dicenda
845 1690 893 1742 est
907 1679 1025 1743 formae
1039 1681 1182 1764 politicae

42 1784 244 1849 Germanorum
255 1785 327 1868 jam
341 1785 474 1850 vetustis
491 1787 695 1871 temporibus,
706 1785 774 1870 jam
790 1795 859 1847 tum
874 1805 948 1848 cum
956 1779 1182 1852 “celebrabant

40 1891 202 1955 carminibus
217 1891 374 1974 antiquis,
388 1893 472 1975 quod
487 1915 590 1956 unum
605 1893 692 1975 apud
706 1891 777 1953 illos
790 1891 959 1954 memoriae
971 1901 1003 1954 et
1015 1891 1182 1958 annalium
1265 1927 1269 1934 -

39 2013 117 2075 genus
131 1989 226 2074 erat,”
241 1998 350 2080 gentis
366 2019 442 2061 suae
457 1998 646 2096 conditores,
661 1997 843 2061 assonantia
857 1995 1014 2080 incipiens
1030 2019 1181 2062 unacum

38 2099 108 2162 finali
125 2123 179 2164 nec
200 2125 267 2166 non
296 2103 485 2166 intermedia
505 2105 649 2187 putanda
671 2114 719 2166 est
738 2101 868 2166 celticae
891 2102 1042 2166 orationis
1063 2103 1181 2187 ligatae

38 2203 115 2269 forma
133 2209 234 2291 prisca
255 2210 346 2272 culta
363 2209 431 2292 jam
454 2231 474 2271 a
494 2209 606 2271 Bardis
630 2219 662 2272 ct
677 2207 821 2271 Drui'dis.
853 2209 950 2290 Apud
965 2208 1127 2273 Hibernos
1149 2219 1181 2274 ct

38 2309 164 2376 (lambros
182 2319 296 2398 politas
314 2314 448 2398 junctus
470 2315 626 2398 reperitur
646 2313 857 2377 communitor
879 2313 1016 2376 strictior
1031 2337 1180 2378 versuum

38 2417 150 2484 ambitus
177 2433 209 2485 et
237 2433 345 2485 certus
365 2420 558 2504 syllabarum
579 2441 732 2483 numerus
754 2441 899 2482 necnon
922 2430 1008 2482 certa
1030 2441 1180 2483 versuum

37 2522 184 2604 collocatio,
202 2529 282 2590 dum
306 2525 397 2588 latini
418 2529 530 2608 politae
552 2525 714 2587 imitantes
734 2524 858 2608 saepius
874 2523 975 2587 latina
989 2535 1090 2588 metra
1105 2546 1179 2608 sup-

37 2644 201 2708 posuerunt;
221 2633 296 2714 quis
311 2631 467 2714 ejusmodi
482 2631 597 2695 forinas
613 2630 709 2692 ctiam
725 2629 828 2694 Gallis
844 2630 971 2714 cognita
986 2631 1130 2714 negant?

102 2737 212 2820 Populi
234 2736 356 2801 residui
378 2737 545 2820 utriusque
568 2735 672 2799 celtici
692 2737 838 2819 exempla
858 2747 984 2800 vetusta
1006 2735 1130 2820 po'etica
1144 2734 1180 2798 in

35 2857 79 2900 sua
90 2843 206 2926 propria
221 2843 347 2925 lingua,
367 2842 512 2906 sistentia
527 2842 742 2907 assonantiam
759 2853 823 2905 tam
839 2841 1007 2917 initialem,
1021 2862 1118 2923 quam
1132 2840 1179 2902 di-

36 2955 96 3008 cunt
113 2947 367 3024 alliterationem,
385 2969 481 3030 quam
496 2949 636 3026 finalem,
655 2969 751 3032 qnam
766 2947 878 3013 dicunt
893 2947 1023 3023 timum,
1039 2967 1178 3010 necnon

36 3045 179 3132 internam,
197 3064 373 3140 supersunt
388 3055 563 3118 lustranda.

308 3385 337 3442 2.
370 3379 626 3442 Assonantia
655 3376 882 3442 hibernica.

102 3584 311 3650 llonunrenta
332 3587 448 3649 formae
469 3585 610 3669 poeticae
632 3607 713 3668 quae
728 3595 856 3647 exstant
870 3584 1032 3648 hibernico
1044 3585 1112 3668 jam
1127 3607 1178 3648 ve-

35 3687 186 3754 iustissima
201 3691 418 3755 assonantiam
433 3713 657 3774 quamcunque
672 3713 747 3774 prae
763 3713 796 3754 se
812 3691 930 3754 ferunt.

101 3796 306 3860 venerandae
328 3796 415 3860 haud
436 3798 531 3860 dubie
547 3797 714 3860 vetustatis
730 3807 807 3858 sunt
820 3797 975 3860 formulae
990 3795 1178 3858 incantatio-

33 3913 96 3960 num
116 3913 256 3966 servatae
278 3901 313 3964 in
332 3923 398 3964 uno
419 3901 494 3966 folio
516 3902 606 3966 facile
629 3903 747 3966 saeculi
763 3903 867 3966 octavi
882 3902 982 3985 (quod
997 3899 1179 3962 continetur

33 3996 110 4067 hodic
122 4006 154 4068 in
169 4007 277 4071 codice
292 4007 495 4090 Sangallensi
510 4030 543 4070 n.
563 4007 696 4092 1395).*
719 4011 796 4071 Tres
812 4017 890 4071 sunt
903 4004 1094 4079 hibernicae,
1109 4002 1177 4086 qui-

88 4235 99 4260 '
114 4235 147 4291 ln
163 4247 242 4310 tergo
254 4239 322 4305 solii,
337 4241 366 4294 in
379 4241 456 4311 cujus
467 4241 556 4294 fronte
568 4241 732 4311 conspicitur
744 4239 833 4308 imago
846 4255 929 4291 sacra.
955 4237 998 4290 De
1010 4235 1060 4288 hac
1072 4234 1181 4288 disserit

34 4311 142 4408 ΙῙίιῑῑετιιε
153 4341 180 4393 p.
191 4329 205 4376 ῖ
209 4330 234 4389 5,
246 4324 293 4378 ubi
302 4325 391 4378 Monii
403 4325 437 4379 dc
449 4325 567 4396 imagine
578 4327 663 4380 relata
674 4325 835 4387 referuntur,
850 4330 879 4376 et
890 4339 916 4392 p.
927 4324 969 4374 91.
980 4323 1022 4386 92,
1038 4320 1085 4375 ubi
1097 4321 1178 4375 etiam

34 4409 230 4464 oecononum
241 4417 333 4466 textus
345 4411 417 4482 typis
429 4411 574 4482 impressus
586 4421 637 4478 est,
652 4412 699 4464 sed
711 4409 925 4464 mendosissime.
