2978 5054
224 393 283 458 VI.
304 400 332 454 1.
366 411 588 458 oonsrnucrro
604 391 748 457 soranus
764 412 973 458 narraunror.
1121 391 1185 455 905

44 561 197 626 dominium
207 561 331 626 insulae
341 561 528 626 Britanniae
539 561 573 624 in
584 583 700 626 manus
708 561 793 626 Ludi
804 563 864 626 filii
873 563 941 645 ejus
951 575 1030 627 natu
1038 563 1186 646 maximi)

47 675 70 744 3,
85 674 154 743 lah
177 667 253 731 item
274 667 302 730 si
323 678 371 732 est
392 667 427 730 in
449 668 605 753 positione
627 679 787 751 separata:
814 668 924 751 aequat
943 691 993 753 yw
1013 689 1054 752 ῳ·
1068 667 1193 754 hocras

43 775 164 837 madunt
176 773 354 855 (formosior
369 784 418 838 est
431 773 570 837 maxime
589 773 737 837 deformis
753 797 793 837 ex
808 774 868 856 eis)
887 782 915 851 1,
935 783 965 836 4.
998 774 1187 838 Pronomini

44 880 266 943 demonstrativo
286 881 382 944 etiam
403 880 530 944 additus
551 879 725 956 invenitur,
750 880 945 963 significanti
966 880 1090 944 hibern.
1111 880 1184 956 inat,

42 985 106 1062 indi,
121 988 189 1049 cai:
204 1007 303 1050 masc.
320 987 396 1050 fem.
414 1009 449 1050 er
469 985 547 1063 hun,
564 1007 600 1048 er
620 985 683 1050 ton
704 986 738 1049 in
754 987 846 1070 Leg.,
864 996 970 1050 neutr.
986 1007 1027 1072 yr
1048 986 1135 1072 byca
1150 985 1186 1048 in

43 1092 113 1156 llnb.
130 1095 173 1174 (p.
192 1095 279 1174 398).

106 1198 284 1262 Articulum
302 1199 506 1263 indefinitum
528 1221 572 1263 an
595 1208 738 1262 sumtum
752 1221 770 1262 e
784 1199 1003 1262 numeralibus
1018 1219 1037 1259 a
1051 1196 1187 1259 dialecto

41 1303 144 1368 comica
163 1315 194 1368 et
212 1305 366 1368 armorica
389 1309 435 1388 (p.
455 1307 543 1387 239),
560 1305 686 1388 ignorat
707 1304 811 1369 adhuc
831 1305 998 1381 cambriae,
1016 1324 1097 1388 quae
1112 1303 1187 1366 sub-

39 1409 190 1473 stantivum
212 1431 282 1472 non
302 1411 521 1474 definiendum
542 1410 634 1495 ponit
651 1411 787 1474 nudum.
819 1411 913 1475 Versi
927 1423 1035 1476 tamen
1049 1409 1084 1472 in
1099 1409 1187 1470 hunc

39 1535 115 1578 usum
128 1514 312 1591 numeralis,
327 1517 382 1578 sed
396 1516 491 1599 positi
503 1516 608 1579 adhuc
620 1517 764 1579 absolute
775 1517 920 1599 exempla
931 1516 1141 1579 inveniuntur
1152 1513 1186 1576 in

38 1622 108 1684 llab.
120 1643 127 1683 :
134 1624 304 1706 pedweryt
324 1623 396 1684 mod
416 1621 501 1686 idam
521 1643 564 1684 un
587 1621 717 1706 lleuelys
733 1624 880 1705 (quartus
901 1622 988 1685 filius
1004 1621 1034 1684 ei
1048 1631 1116 1683 erat
1129 1617 1187 1681 ali·

36 1725 93 1807 quis
106 1727 158 1808 L.)
173 1734 203 1804 3,
219 1734 297 1790 297.
315 1727 425 1812 kymer
440 1729 482 1812 dy
497 1727 597 1790 unroh
613 1749 656 1790 un
672 1730 776 1808 (sume
793 1738 885 1790 tuum
900 1749 1019 1811 equum
1034 1727 1184 1810 aliquem,

36 1852 120 1894 unum
133 1853 289 1916 equorum
305 1835 446 1915 tuorum)
464 1837 493 1910 2,
514 1839 564 1894 53.

103 1939 130 2001 d.
160 1939 427 2004 substantivi
447 1959 538 2002 casus
564 1939 781 2003 nominativus
807 1950 840 2002 et
865 1941 1063 2004 accusativus
1089 1949 1127 2002 ut
1152 1938 1187 2000 in

35 2041 91 2106 aliis
103 2045 220 2128 linguis
236 2055 480 2108 construuntur.
506 2044 703 2109 Statuendus
719 2055 768 2108 est
782 2046 878 2109 etiam
894 2047 1093 2110 aecusativus
1109 2055 1187 2108 tem-

33 2149 113 2230 poris,
126 2151 274 2234 quamvis
290 2152 331 2214 ob
346 2151 505 2214 defectum
520 2150 667 2214 flexionis
682 2151 826 2236 dignosci
840 2173 906 2216 non
917 2163 1040 2236 potest:
1060 2151 1190 2235 deadyd

33 2256 179 2342 aduynoa
195 2260 270 2341 (per
284 2257 364 2320 duos
379 2256 446 2320 dies
462 2267 494 2319 et
508 2258 588 2320 duas
603 2261 727 2339 noctes)
745 2265 773 2334 1,
793 2263 866 2322 238.

102 2363 275 2428 Genitivus
307 2361 444 2425 occurrit
473 2361 509 2424 in
535 2362 602 2424 sola
628 2363 862 2428 constructione
888 2387 962 2428 cum
988 2361 1189 2428 substantivo

32 2469 224 2548 praecedente
244 2469 316 2532 sine
330 2467 397 2532 ulla
412 2489 504 2532 casus
520 2466 754 2531 terminatione.
786 2471 838 2533 Ad
853 2473 991 2534 eundem
1006 2469 1188 2552 significau-

32 2571 105 2649 dum,
114 2583 150 2636 ut
157 2573 228 2657 jam
239 2573 277 2637 in
289 2573 452 2637 hibernica
463 2573 574 2657 lingua
586 2583 712 2636 vetusta
721 2576 766 2658 (p.
780 2581 867 2662 889),
879 2577 975 2640 etiam
986 2576 1021 2638 in
1033 2575 1189 2639 cambrica

32 2675 175 2744 interdum
201 2699 317 2763 praep.
346 2678 381 2742 di
399 2681 478 2761 (de)
501 2678 605 2764 posita
630 2679 810 2759 invenitur,
835 2705 863 2744 e.
887 2705 935 2765 gr.
958 2683 1042 2746 inter
1066 2683 1187 2765 glossas

32 2781 143 2848 Oxum:
162 2785 221 2849 tin
236 2806 315 2867 map
330 2784 367 2848 di
379 2785 429 2848 iot
445 2785 503 2868 (gl.
521 2785 601 2848 Jove
616 2785 752 2869 dignua;
770 2787 793 2850 i.
808 2810 836 2850 e.
855 2799 893 2850 ut
906 2789 992 2874 filius
1007 2787 1123 2869 Jovis),
1137 2787 1189 2850 vel

31 2887 149 2955 inblab.
162 2914 170 2954 :
189 2913 237 2976 yn
246 2913 391 2976 qyuayoa
402 2911 443 2975 yr
451 2911 542 2974 quer,
557 2911 596 2953 ar
608 2892 698 2976 dryll
707 2893 796 2956 orell
803 2915 844 2978 yr
854 2893 965 2957 march
977 2894 1032 2975 (cf.
1046 2915 1079 2976 p.
1096 2897 1184 2975 240).

101 2997 240 3060 Dativus
262 2996 439 3059 cambrione
458 3005 496 3058 ut
517 2995 661 3060 comicus
677 3008 709 3062 et
722 2999 894 3062 armoricus
910 3019 1033 3082 semper
1046 2999 1190 3082 postulat

31 3103 289 3185 praepositionem
310 3102 346 3166 di
358 3106 416 3185 (-·
429 3102 555 3166 hibern.
575 3105 625 3179 do,
644 3125 731 3167 corn.
751 3104 813 3180 tte,
831 3126 945 3168 armor.
963 3105 1031 3185 da),
1050 3126 1131 3187 quae
1153 3104 1189 3166 in

29 3209 186 3272 recentiore
208 3209 325 3291 lingua
341 3209 380 3271 fit
393 3232 425 3294 y.
459 3209 615 3293 Exempla
629 3219 755 3273 vetusta
769 3210 804 3273 iu
818 3211 932 3293 glossis
947 3211 1073 3274 Oxou:
1099 3209 1136 3272 di
1151 3208 1177 3272 l·

31 3319 75 3376 tou
88 3315 143 3397 (gl.
168 3315 280 3391 Labie,
305 3315 445 3397 addere),
464 3313 517 3378 dir
538 3315 743 3398 atpetetiet'on
763 3315 898 3379 ceintiru
914 3317 971 3399 (gl.
989 3315 1111 3379 miseris
1133 3337 1189 3399 pa·

30 3419 195 3503 truelibus).
231 3421 286 3484 En
307 3419 358 3484 his
379 3420 668 3504 praepositionibus
689 3421 858 3484 hibernicis
881 3432 913 3485 et
933 3422 1120 3486 britannicis
1135 3443 1188 3506 ge-

30 3522 152 3590 nitivum
167 3537 202 3590 et
217 3525 365 3590 dativum
381 3526 597 3609 significatum
611 3529 722 3590 eodem
735 3529 841 3603 mod0,
855 3538 889 3591 ut
907 3528 941 3591 in
956 3527 1076 3612 linguis
1089 3551 1189 3592 roma·

30 3628 97 3696 nicia
110 3631 404 3716 praepositionibus
420 3633 459 3695 de
476 3644 508 3696 et
523 3637 554 3696 ὰ.

100 3738 295 3802 Genitivum
315 3737 368 3802 vel
388 3737 563 3802 ablativum
579 3738 696 3802 latinae
711 3739 762 3803 vel
776 3739 910 3804 aliarum
925 3740 1108 3824 linguarum
1125 3753 1190 3804 tam

28 3853 89 3922 post
100 3843 314 3908 ‘substantiva
335 3853 368 3906 et
389 3843 555 3928 adjectiva,
572 3827 758 3928 praesertim
772 3846 936 3910 materiam
951 3847 1002 3910 vel
1016 3845 1190 3931 plenitudi-

29 3965 92 4011 nem
111 3950 158 4013 rei
178 3949 370 4028 indicantia,
388 3971 486 4033 quam
507 3951 602 4014 etiam
624 3952 719 4015 verba
734 3951 890 4016 cambriea
905 3952 1017 4035 lingua
1030 3949 1190 4035 praeposi-

29 4053 103 4117 tione
124 4079 142 4118 ο
163 4055 346 4140 exprimere
367 4057 491 4120 mavult
513 4079 609 4140 quam
624 4055 697 4121 elia.
730 4057 904 4141 Exempla:
925 4079 1045 4141 ysaac
1060 4054 1198 4138 owylraf

29 4177 59 4218 or
74 4160 225 4246 vlwydyn
247 4161 402 4242 (maxima
420 4185 493 4246 pars
513 4165 603 4247 anni)
627 4172 657 4240 3,
677 4167 749 4225 298.
773 4186 794 4248 y
815 4164 913 4228 meiat
926 4162 1077 4248 mwyltof
1085 4163 1192 4224 odrwc

29 4263 224 4348 (magnitudo
247 4267 397 4344 maxima,
418 4267 595 4330 maximum
613 4270 704 4351 mali)
722 4275 752 4346 2,
773 4273 845 4331 242.
870 4269 1030 4352 kerwynet
1050 4289 1068 4329 o
1089 4267 1193 4351 dysyr

28 4389 75 4431 cer
95 4373 193 4456 (cupa
217 4393 320 4454 aquae
341 4371 498 4455 frigidae),
523 4374 696 4460 kerwyaea't
715 4399 752 4438 or
772 4375 846 4439 med
860 4395 957 4457 gorea
977 4376 1074 4458 (cupa
1094 4373 1191 4436 mulsi

29 4475 146 4558 optimi)
164 4483 203 4554 3,
225 4481 300 4540 302.
330 4488 457 4564 eorreyt
476 4502 513 4544 or
534 4481 592 4566 ayt
608 4501 707 4564 qorea
731 4485 866 4564 (carrata
888 4481 1040 4545 frumenti
1064 4479 1190 4564 optimi)
