2978 5054
223 387 283 451 v1.
302 389 333 448 2.
362 404 586 450 concrescere
601 403 740 450 roseros
757 401 975 448 anrsrnnrcs.
1121 377 1185 441 953

226 561 343 637 puella
357 559 472 618 wnaetb
485 580 506 637 y
521 560 640 618 aroseth
654 579 695 636 ny
711 553 854 639 lpils'wyt.

229 663 293 721 Boc
308 662 390 720 henin
408 661 521 720 Ododur
535 683 551 719 o
567 661 695 736 &chwyt

230 763 320 842 lydor
332 763 473 841 yymmell
488 784 523 822 cr
542 758 546 844 l
565 763 696 822 wecheli
715 757 720 844 l
739 767 874 836 omrcnyt

226 887 266 944 ny
281 866 352 924 nodi
364 885 418 924 nac
437 865 442 942 Ι
459 866 560 942 ysyetla
575 885 632 941 noy
651 865 657 941 Ι
674 873 788 942 yspwyt

227 990 267 1046 ny
283 969 349 1026 ellir
364 975 430 1026 anet
442 967 500 1044 rly
519 967 525 1044 l
543 967 706 1042 caethuwyt

226 1092 277 1129 rac
292 1069 366 1146 ergit
380 1069 435 1127 cad
441 1063 447 1151 Ι
449 1071 570 1148 sannae
584 1065 726 1146 earwyt*

165 1178 303 1247 “anauc
317 1195 484 1246 antecessor
497 1189 665 1264 ubicunque
680 1187 815 1246 veniebat

166 1299 277 1367 partem
292 1309 310 1347 a
323 1289 432 1348 femina
445 1291 576 1366 principe
591 1290 681 1348 mulsi
695 1290 824 1350 tenebat.

167 1393 333 1450 Perforatus
348 1391 428 1448 frons
446 1393 522 1450 scuti
537 1393 613 1470 ejus.
648 1395 724 1451 Cum
739 1393 876 1451 audiebat

167 1495 337 1564 tumultum,
356 1511 416 1550 non
431 1495 519 1552 dabat
533 1495 657 1566 veniam,
676 1514 851 1571 magnopere
866 1495 1041 1566 incurrebat,

165 1615 222 1654 non
237 1595 392 1653 recedebat
406 1615 422 1653 e
437 1597 548 1672 proelio
564 1617 630 1654 cum
645 1599 756 1656 fluebat

166 1697 296 1772 sanguis,
315 1703 349 1754 ut
359 1697 467 1773 juncos
483 1699 607 1756 succidit
621 1700 708 1769 viros,
728 1719 787 1757 non
802 1699 910 1757 abibat.

43 1811 223 1824 ———

94 1859 149 1914 'In
167 1859 209 1913 bis
228 1858 336 1914 duabus
352 1867 380 1913 et
399 1859 504 1914 duabus
522 1861 699 1932 sequentibus
711 1861 831 1932 atrophia
843 1863 1018 1916 continentur
1029 1859 1124 1915 laudes
1136 1857 1187 1912 viri

43 1941 143 2000 bellicosi
159 1945 202 1999 cui
219 1962 321 1998 nomen
341 1951 383 1998 est
404 1944 516 2011 Carcoe,
538 1945 566 2000 in
584 1945 678 2018 primis
699 1947 834 2012 celebrati,
850 1965 1011 2018 quamquam
1031 1953 1058 2000 et
1076 1945 1134 2016 ipse
1146 1960 1190 1996 oc-

41 2029 125 2083 cumbit
140 2030 167 2084 in
185 2028 300 2102 proelio.
329 2029 504 2098 Cynlcicwc,
526 2032 678 2100 cintaebuc,
700 2050 881 2106 praegressor,
901 2032 948 2103 qui
966 2033 1061 2103 praeit,
1076 2029 1154 2083 aione
1172 2045 1188 2080 e

39 2113 110 2168 radice
120 2115 218 2169 verbali
230 2135 248 2169 a
262 2115 333 2186 (ire).
346 2133 414 2180 men,
429 2133 492 2169 mon
506 2116 551 2186 (-—-
561 2120 676 2191 magen),
689 2119 746 2185 ubi,
757 2137 812 2191 quc
824 2119 894 2172 loco.
908 2117 993 2182 delei,
1007 2117 1107 2170 rectius
1120 2113 1186 2178 dori,

39 2199 98 2252 drusi
107 2199 258 2272 (veniebat).
272 2199 381 2269 drittun,
396 2200 495 2272 portio,
509 2219 580 2272 para,
596 2203 640 2256 cui
659 2205 868 2276 supponendum
885 2211 927 2258 est
941 2210 996 2258 vet.
1010 2201 1106 2272 dqmn,
1121 2199 1186 2252 hod.

38 2283 107 2338 cubat.
119 2285 170 2357 adj.
178 2304 250 2356 pun,
261 2284 417 2356 aequalitas,
427 2285 548 2358 aequalis
560 2287 605 2358 (sn
612 2305 687 2358 paon,
697 2291 802 2346 sarcina
808 2291 842 2362 Ρ),
852 2307 913 2344 cum
926 2289 974 2353 dt,
984 2289 1040 2358 dp,
1051 2286 1187 2356 aspirante

37 2370 124 2440 saepius
141 2371 169 2424 in
185 2371 336 2425 recentiore
354 2371 499 2441 scriptione
517 2379 675 2442 sequentem
693 2391 847 2430 consonum.
862 2373 1001 2438 tuentes,
1015 2369 1113 2424 mulier
1131 2368 1187 2439 api·

37 2453 73 2518 ris,
85 2456 167 2526 puella
184 2457 320 2528 princeps,
335 2455 467 2510 adamata.
486 2457 593 2510 rodawr
603 2483 637 2501 =
649 2457 697 2512 lat.
718 2460 844 2526 rotarius,
859 2460 879 2514 i.
893 2477 917 2512 e.
936 2458 1054 2529 clypeus,
1068 2473 1085 2507 a
1101 2451 1188 2507 lomna

37 2539 117 2606 dietus,
135 2559 150 2594 a
166 2542 243 2605 ried,
258 2547 327 2594 rota.
347 2557 407 2606 cur,
422 2559 487 2596 num
507 2559 556 2614 pro
575 2559 639 2607 awr,
661 2543 737 2609 hora,
759 2552 866 2616 tempus
883 2543 989 2614 proelii,
1009 2559 1044 2595 an
1062 2556 1111 2612 pro
1131 2555 1187 2602 aer,

37 2625 100 2691 ades,
113 2627 245 2681 tumultus
257 2625 373 2697 proelii?
391 2626 474 2696 dilyn,
489 2627 575 2698 sequi,
589 2627 722 2699 persequi.
736 2629 830 2694 οἰῑὰιω,
846 2629 943 2692 redire,
956 2635 1062 2698 tergum
1075 2631 1188 2688 vertere,

36 2711 131 2766 erube.
145 2713 187 2776 cit,
201 2719 321 2782 tergum.
336 2711 482 2775 mmtcwn,
497 2729 651 2778 cammaron,
663 2715 805 2785 proelium,
818 2713 968 2768 conflictus.
981 2731 1064 2776 mern,
1075 2709 1187 2772 stillm,

36 2791 111 2850 luere.
129 2797 243 2862 ammei,
262 2795 449 2850 revertebatur
467 2796 495 2850 in
512 2798 642 2868 puniam,
662 2815 679 2852 a
696 2817 758 2865 cwr,
773 2800 858 2866 limes,
880 2809 912 2854 ut
928 2799 1046 2854 videtur.
1071 2793 1188 2860 Mordci,

35 2877 149 2948 lindowe,
163 2883 277 2938 nomina
301 2880 495 2934 cumbricorum
515 2883 671 2952 regulorum
690 2885 733 2940 vel
750 2885 903 2957 principum
923 2883 997 2938 haud
1010 2881 1101 2936 dubie.
1121 2897 1187 2951 yny,

36 2961 114 3030 donee,
126 2969 173 3022 sed
191 2969 237 3021 hic
256 2967 284 3019 in
300 2985 340 3036 yn
356 2984 376 3035 y
395 2966 474 3031 cerei
488 2985 526 3035 yn
543 2985 562 3036 y
581 2967 655 3032 delei,
670 2977 702 3023 ut
720 2978 784 3025 ante
796 2971 824 3024 in
835 2989 873 3042 yn
885 2989 904 3041 y
917 2969 1015 3040 clywei,
1031 2967 1102 3021 idem
1115 2963 1189 3035 quod

35 3045 71 3102 lat
81 3069 143 3116 nrm,
153 3052 270 3123 qnando,
282 3051 325 3105 vel
337 3049 541 3122 significationis
552 3071 591 3122 yn
604 3071 665 3106 cum
677 3054 812 3110 infinitivo
824 3056 884 3109 loco
896 3054 1045 3126 participii:
1059 3070 1075 3106 a
1086 3049 1189 3123 proelio

34 3135 125 3189 madido
136 3137 280 3208 sanguine,
295 3143 426 3190 memoret
437 3153 499 3188 eum
511 3137 665 3202 adeuntem,
680 3141 894 3210 aggredientem.

94 3221 255 3292 Cymenes,
275 3227 330 3276 vet.
350 3219 499 3275 mndomiat
516 3221 560 3292 (cl.
581 3221 698 3288 dometio,
713 3225 841 3290 domitus,
856 3226 885 3279 in
903 3225 941 3296 gl.
955 3222 1073 3293 oxon),
1093 3219 1192 3274 condo·

33 3303 108 3358 nitor.
124 3307 191 3360 Voci
203 3308 289 3378 cqflnt
300 3305 395 3359 subest
405 3305 519 3360 fortasse
532 3313 668 3361 vetustum
681 3314 710 3360 et
720 3308 871 3363 obsoletum
882 3309 986 3372 eomlct,
1002 3307 1086 3378 oapit;
1102 3305 1189 3360 subst.

34 3385 78 3440 llud
85 3390 146 3444 alias
159 3391 299 3462 significat
307 3391 420 3454 bonum,
430 3389 542 3444 donum.
556 3398 642 3462 ereoyt
649 3391 820 3447 monentiae
832 3409 913 3446 eausa
919 3401 1063 3458 mutatum,
1073 3398 1105 3444 ut
1116 3391 1190 3446 vide-

32 3477 75 3538 tur,
87 3484 125 3530 est
142 3477 217 3530 enim
236 3475 302 3529 alias
315 3473 419 3538 rtatdd,
434 3475 535 3540 rleidd,
550 3476 637 3532 basta.
651 3478 758 3548 ratim,
773 3477 921 3548 aggressio,
936 3478 1049 3532 invasio.
1065 3475 1188 3544 litatem,

31 3557 115 3612 scum
127 3559 235 3630 liticcyt,
248 3561 313 3614 hod.
327 3560 427 3614 llidicw
438 3577 455 3612 a
466 3559 522 3626 llirl,
534 3559 583 3614 ira.
594 3569 674 3628 amet,
687 3562 751 3616 hod.
763 3561 875 3626 ammod,
886 3569 1049 3626 contractus,
1059 3561 1189 3624 conditio,

30 3643 92 3710 qnod
102 3663 164 3700 mox
176 3645 348 3716 significatur
359 3661 425 3700 voce
437 3647 555 3710 amasti,
567 3647 729 3718 designatio,
742 3653 852 3711 tessera,
862 3646 970 3717 signum
982 3645 1099 3700 militare
1114 3645 1190 3716 (gall.

29 3722 84 3779 hod.
91 3731 203 3802 parole),
214 3731 289 3801 quod
296 3736 354 3784 eret
361 3729 390 3783 in
397 3729 524 3784 vocibus:
535 3729 566 3784 ni
571 3729 679 3801 cilircpt,
689 3750 745 3785 non
752 3733 901 3785 recessum!
917 3731 1064 3801 Sequentia
1071 3731 1193 3784 indicant

29 3805 105 3866 lotum
117 3823 143 3868 et
156 3815 270 3870 modum
279 3814 407 3869 interitus
414 3801 563 3880 bellatoris,
572 3816 654 3870 locati
662 3817 691 3870 in
700 3816 815 3870 insidiis.
824 3834 840 3868 o
849 3816 974 3886 dcclwyt,
985 3835 1017 3872 ex
1027 3833 1081 3887 quc
1090 3816 1192 3868 celatus

28 3903 70 3960 tat,
86 3915 102 3950 a
119 3901 206 3965 heiu,
228 3899 417 3954 absconditum
436 3917 504 3954 esee.
523 3901 616 3969 lydor,
637 3901 741 3971 lay-der,
763 3919 825 3955 cum
845 3902 900 3972 adj.
916 3908 963 3966 ter,
984 3902 1080 3964 clarus,
1095 3917 1189 3968 purus.

28 3985 135 4050 mmmcl,
149 3985 275 4056 cymbali,
290 3984 422 4054 epm-pell,
437 3985 606 4055 compellere,
622 4003 728 4056 urgere.
743 3985 873 4052 ὸνιὶϋιοὶὶ,
886 3987 1036 4050 conflictus,
1048 3983 1192 4054 proelium,

27 4065 97 4121 etlam
114 4069 181 4124 alibi
205 4069 280 4139 apud
291 4068 473 4122 Aneurinum.
488 4069 612 4140 boncwyt
623 4070 697 4124 verb.
712 4071 820 4124 denom.
835 4089 869 4125 ex
882 4071 937 4142 adj.
952 4071 1011 4136 bon,
1026 4069 1108 4123 altus.
1121 4067 1192 4130 nodi,

26 4157 167 4224 protegere,
182 4153 279 4218 tutari,
294 4171 311 4206 a
322 4153 409 4208 subet.
422 4155 527 4220 ncwdd,
541 4155 629 4209 venia.
643 4173 678 4225 ny
690 4155 751 4209 cllir
763 4162 833 4222 anet,
848 4173 911 4211 cum
923 4154 1124 4210 constructione
1136 4169 1196 4222 pas·

26 4233 76 4288 aiva
90 4239 166 4292 verbi
183 4239 263 4308 pullu
276 4237 313 4307 (p.
327 4239 399 4308 528),
414 4256 469 4292 nou
481 4247 572 4310 potest
583 4240 708 4304 obtineri,
724 4240 842 4305 delendi,
856 4241 969 4306 mansio,
984 4241 1083 4295 donet
1093 4245 1135 4292 eat
1146 4255 1195 4309 pro

25 4317 82 4374 bod.
95 4324 209 4376 annmd.
224 4323 393 4392 maettuwyt,
406 4323 449 4378 val
461 4325 630 4394 martbawpt,
644 4324 752 4378 denum.
763 4342 779 4378 a
791 4324 878 4378 subet.
889 4326 986 4390 maella,
997 4325 1096 4388 vietus,
1106 4323 1194 4377 nutri·

25 4403 152 4477 ticerpit,
161 4408 232 4462 hod.
240 4407 331 4476 argyri,
340 4407 429 4481 plaga,
438 4409 518 4463 ictus.
526 4411 688 4479 cadsmnau,
700 4409 845 4479 suffossa,
854 4427 870 4463 e
879 4410 1086 4482 ccd,proelium,
1096 4415 1124 4463 et
1132 4427 1196 4462 man

27 4485 59 4560 (o.
73 4494 130 4546 ῑ92.
145 4493 223 4564 862),
237 4492 421 4563 proeliatores.
435 4501 542 4566 recept,
557 4502 709 4565 pugnatum
726 4502 777 4560 est,
792 4494 954 4565 quibuscum
973 4503 1125 4567 pugnatum
1136 4503 1194 4568 'est
