2978 5054
239 350 297 412 vt.
317 354 347 412 2.
380 331 603 414 constructio
618 371 757 414 nonnos
778 371 974 416 arenarios.
1129 351 1192 414 927

59 519 62 602 Ι
75 521 146 596 pauli
170 517 180 603 Ι
212 517 335 602 lunonis
354 522 360 598 Ι
380 523 512 583 iohannis
535 519 546 606 Ι
567 526 648 602 fides
667 519 672 607 Ι
692 525 814 582 admodo
839 519 850 606 ΙΙ
885 525 1026 600 leucadas
1052 524 1193 601 {tamtus

59 617 194 706 ΙωηοωεΙ
227 618 382 706 {dominus
401 627 407 703 Ι
425 626 494 684 deus
514 627 519 704 Ι
538 627 666 688 robooth.

124 759 262 842 Singulas
284 759 458 844 positiones
480 761 624 826 discerno
642 771 680 826 ut
695 761 770 826 alibi
786 761 914 844 singula
927 763 1070 825 membra
1083 783 1193 826 versus

58 863 151 950 signoss
168 912 175 926 .
205 865 244 928 In
265 865 477 949 positionibus
501 869 615 932 collam
639 867 788 932 temotbet'
802 865 813 954 Ι
829 889 915 931 mens
932 865 1089 930 derriomin
1104 861 1212 950 prae-¹

57 979 93 1031 ter
108 969 223 1033 finalem
245 991 311 1033 -um
333 971 464 1036 nonnisi
484 973 572 1036 adest
592 974 698 1037 media
717 973 900 1038 assonantia
914 971 1069 1055 incipiens
1085 971 1194 1036 indea

57 1075 160 1137 nomine
173 1075 353 1153 solomonis,
375 1099 456 1160 quae
472 1079 582 1141 eadem
597 1079 693 1142 etiam
703 1079 772 1162 jam
786 1077 948 1162 praecedit
962 1077 996 1140 in
1003 1079 1105 1162 frons
1121 1097 1193 1141 nas·

56 1179 128 1242 sinn.
157 1181 274 1244 Positio
286 1182 377 1265 fides
399 1183 535 1246 abrasae
556 1205 612 1268 per
633 1205 665 1248 se
687 1183 857 1267 singularis
880 1203 945 1246 non
968 1181 1089 1245 habens
1109 1203 1192 1245 asso-

56 1285 173 1349 nantiam
193 1287 352 1370 superflua
374 1286 474 1351 videri
495 1289 606 1371 possit,
620 1287 770 1372 jungitur
789 1299 894 1353 tamen
910 1287 1042 1350 ineunte
1057 1285 1194 1350 vocalia

55 1390 167 1454 nominis
185 1391 304 1476 proprii
326 1404 360 1455 et
380 1405 518 1456 exeunte
534 1415 579 1456 -es
594 1395 740 1458 vocabuli
745 1395 835 1478 fides
850 1409 923 1457 cum
939 1391 1147 1476 praecedente
1162 1401 1195 1455 ct

55 1505 180 1578 sequente
194 1499 377 1561 assonantia
391 1498 508 1561 initiali
523 1499 681 1563 vocalium
696 1511 728 1562 et
743 1500 833 1562 finali
848 1498 901 1576 -rs,
920 1495 1011 1560 -ue'

121 1603 306 1666 Praecedens
327 1603 461 1668 latinam
483 1605 620 1668 formula
638 1603 762 1669 brevior
785 1603 947 1667 hibernica
967 1611 1077 1665 contra
1092 1611 1194 1666 stran-

52 1703 153 1786 guriam
166 1709 313 1792 (arpalor
325 1709 454 1794 facil),
473 1721 511 1774 ut
531 1712 623 1774 docet
643 1709 809 1795 inscriptio
831 1720 864 1772 et
884 1707 1086 1792 subscriptio,
1110 1727 1194 1772 asso·

53 1823 143 1875 nanus
156 1811 250 1878 habet
264 1815 388 1879 vocales
403 1825 435 1879 et
451 1817 483 1880 d.

115 1935 120 2010 Ι
136 1935 325 1996 Demesureso
344 1939 349 2015 Ι
369 1939 523 2016 dianpalor
535 1943 565 2018 s
568 1935 571 2020 Ι
580 1937 671 1997 odilae
688 1937 695 2015 Ι
713 1935 863 1997 duneeat'ro
881 1938 887 2015 Ι
907 1943 941 1996 tu
960 1931 965 2020 Ι
985 1941 1014 1996 tt
1030 1929 1036 2018 Ι
1056 1935 1194 1995 dunecan-

52 2031 105 2118 rctl
122 2041 180 2096 tom
197 2035 202 2120 Ι
221 2039 344 2099 έοὶαίίΙιί
361 2037 366 2124 Ι
385 2042 484 2100 admei
501 2041 506 2118 Ι
526 2041 638 2100 iddoolt.

119 2169 156 2231 In
167 2172 297 2255 sudt'lse
313 2174 438 2255 (aquae,
457 2172 568 2235 urinae
582 2175 684 2254 meae)
691 2173 724 2257 f
732 2163 861 2248 infecta,
879 2171 901 2234 i.
920 2193 948 2234 e.
965 2193 1032 2235 non
1046 2171 1192 2254 legenda,

50 2269 163 2338 ridetur.
193 2277 333 2340 Videtur
353 2278 450 2341 etiam
471 2278 641 2341 statuenda
662 2277 789 2340 interna
807 2277 990 2341 assonantia
1012 2287 1085 2360 post
1106 2299 1194 2360 prae·

51 2375 101 2439 lixa
124 2381 227 2459 dum,
250 2383 348 2460 dun,
373 2381 408 2446 in
431 2383 561 2446 vocibus
585 2385 660 2446 dum
679 2388 685 2464 Ι
704 2405 850 2460 esurcsa,
876 2384 941 2446 dun
960 2386 966 2462 Ι
985 2382 1104 2458 esot'ro,
1129 2382 1195 2445 dun

51 2481 54 2562 Ι
68 2493 185 2564 ecerat,
200 2487 245 2552 ita
262 2499 300 2551 ut
315 2489 356 2552 sit
371 2487 554 2552 assonantia
568 2487 726 2552 vocalium
740 2511 796 2572 per
812 2498 911 2552 totam
923 2486 1115 2551 senteutiam
1125 2509 1196 2572 per·

49 2606 120 2668 gens,
133 2602 162 2654 et
175 2615 304 2676 aspersa
319 2604 446 2657 tantum
461 2615 612 2658 assonans
629 2595 702 2658 dut
716 2594 903 2658 secundaria
913 2593 1107 2669 assonantia,
1122 2613 1196 2656 oum

49 2691 82 2755 sit
92 2697 213 2762 nonnisi
227 2699 264 2762 in
279 2699 409 2783 syllabis
423 2699 584 2782 praefixis.

117 2803 239 2868 Primae
259 2815 293 2868 et
314 2815 492 2888 postremae
514 2803 741 2869 incantationis
761 2805 829 2890 ipse
851 2805 985 2868 nucleus
1005 2823 1071 2867 non
1093 2803 1197 2866 solum

49 2903 273 2989 frequentiorem
284 2910 491 2994 incipientem
502 2911 719 2975 assonantiam
730 2911 880 2989 ostendit,
895 2912 950 2975 ted
965 2909 1062 2974 etiam
1073 2907 1197 2974 facilem

48 3009 248 3081 tuimadversu
264 3017 300 3078 in
315 3017 506 3100 quibusdam
521 3016 598 3081 locis
613 3018 755 3080 finalem.

115 3122 281 3186 Praecedit
300 3122 336 3186 in
355 3121 458 3207 prima
474 3124 598 3204 (eontra
618 3123 759 3187 dolorem
773 3124 921 3188 effectum
935 3121 1039 3206 spina,
1057 3132 1095 3183 ut
1109 3119 1196 3184 vide·

49 3229 103 3300 tur;
125 3227 205 3312 dely,
223 3227 301 3291 hod.
320 3225 427 3311 dealq)
442 3227 640 3312 prooemium
660 3228 820 3312 quoddam
842 3231 928 3313 quod
942 3226 1081 3312 pertinet
1095 3246 1197 3309 usque

48 3328 178 3396 advoces
199 3356 247 3398 cr.
266 3331 425 3410 asseclam,
443 3355 521 3416 quas
544 3333 614 3416 lego
637 3334 716 3398 ora‘st
735 3334 911 3399 associant
931 3346 962 3397 et
981 3333 1107 3396 confero
1123 3352 1197 3394 eum

48 3430 176 3517 loquendi
197 3439 337 3502 formula
357 3443 424 3502 tno'o
445 3443 587 3502 ossomo'o
604 3441 650 3524 (p.
671 3443 758 3524 286).
792 3440 944 3523 Sequitur
964 3440 1114 3522 deinceps
1130 3459 1198 3502 ora·

47 3539 137 3605 culum
151 3544 278 3628 ipsum:

112 3667 287 3748 ldiuelcort
304 3661 309 3748 Ι
329 3667 388 3724 dim
407 3662 527 3748 anldelq
547 3661 552 3748 Ι
571 3669 635 3746 dely
655 3669 660 3745 Ι
680 3665 833 3750 ᾰίιιΙεοοὶἱί
848 3661 858 3750 ΙΙ
893 3668 898 3746 Ι
918 3663 1055 3747 σηῐΙοέίέί
1069 3661 1080 3749 ΙΙ
1098 3661 1197 3747 Ιηιέίηι

49 3753 157 3840 Ιηιέἰηηί
171 3764 181 3850 Ι
208 3765 212 3852 Ι
228 3770 262 3827 hb
277 3764 324 3850 άίΙ
339 3769 411 3827 belim
431 3771 511 3827 nand
525 3763 535 3852 ΙΙ
552 3771 658 3828 dodach
673 3767 676 3850 Ι
690 3789 778 3828 eoenn
801 3778 828 3828 to
838 3767 917 3852 lucen
934 3769 1029 3846 todot'p
1046 3763 1057 3850 ΙΙ
1073 3763 1197 3848 rolqorq

40 3867 85 3938 fio
100 3867 105 3944 Ι
120 3871 246 3946 qoidnen
263 3871 330 3930 aird
348 3866 352 3953 Ι
369 3871 518 3947 qoidnenn
536 3873 654 3932 roraird
671 3874 676 3950 Ι
693 3873 840 3950 poibnenn
855 3872 915 3929 coin
935 3866 939 3952 Ι
956 3869 1024 3947 pella
1039 3889 1095 3927 ese.

46 4013 238 4032 ..Ἢ

100 4101 112 4126 '
128 4101 214 4172 Supra
226 4101 371 4156 formulam
384 4102 452 4156 hano
464 4103 576 4157 latinam
588 4105 754 4175 conspicitur
765 4105 904 4158 literarum
916 4103 988 4156 linea
999 4100 1112 4171 mystica
1121 4117 1198 4170 quast

45 4183 184 4250 capitalium
209 4187 357 4241 latinarum
381 4187 442 4241 dum
469 4189 598 4243 immixtis
626 4191 729 4260 graecis
747 4207 801 4242 una
820 4205 881 4241 oum
899 4189 985 4242 forma
1004 4184 1198 4256 grammaticali

44 4279 134 4332 mm,
143 4279 174 4324 ut
181 4271 305 4326 videtote
320 4273 771 4330 PcflN1To›cANmMNYBvc.
784 4269 1097 4328 KNAATYONtBVc.
1111 4269 1197 4322 Finit.

44 4345 86 4404 Per
96 4353 117 4406 P
128 4355 155 4410 in
172 4357 286 4412 dextere
298 4357 393 4427 ospitis
412 4367 488 4428 perte
500 4359 600 4412 lineola
612 4359 694 4413 ducta
705 4365 760 4423 est;
776 4359 837 4427 lego
850 4359 927 4413 inde:
943 4357 1133 4430 precdnitoean
1145 4373 1199 4409 orn·

45 4437 116 4500 cydcr
127 4441 334 4512 kteoutyom'bus,
347 4443 365 4495 i.
379 4461 403 4496 e.
417 4429 572 4513 pieedioent
584 4445 709 4498 omnibus
721 4441 887 4497 nationibus.
