2978 5054
266 319 329 382 960
474 319 535 384 VI.
555 325 585 383 2.
614 336 839 383 cousrauorro
855 336 995 382 romrcs
1009 335 1226 380 sumturum.

266 501 319 554 tus
341 489 536 574 syllabarum
557 499 628 552 octo
648 488 849 574 plerumque,
866 507 937 552 raro
957 508 1074 552 novem
1093 486 1145 550 vel
1167 506 1234 554 sex.
1264 485 1352 548 Srmt
1365 503 1429 568 ergo

266 595 316 658 illi
336 615 446 658 versus
469 617 544 658 cum
566 594 750 659 assonantia
764 592 956 678 copulativa,
974 591 1009 655 hi
1023 593 1165 656 membra
1179 612 1287 655 versus
1302 611 1377 654 cum
1388 612 1429 654 as·

267 699 416 765 sonantia
437 701 653 784 contraposita
674 701 852 764 secundum
866 709 1011 762 veterum
1025 697 1171 762 codicum
1185 695 1428 780 dispositionem.

270 805 306 870 Si
321 815 370 868 est
384 804 488 868 minor
503 805 652 884 ambitus,
667 815 839 870 occurrunt
850 805 1012 868 interdum
1025 813 1134 867 ternae
1145 801 1359 878 assonantiae,
1372 801 1394 864 i.
1404 822 1429 864 e.

270 910 419 996 strophae
439 910 600 989 triadicae,
619 923 658 975 ut
676 912 765 995 apud
779 911 943 975 Cambros.
976 911 1119 993 Excepta
1139 906 1325 972 assonantia
1345 905 1431 991 majo

269 1015 313 1080 ris
336 1027 478 1094 omatus,
498 1015 627 1094 initiali,
645 1006 773 1081 interita
792 1016 843 1080 vel
863 1015 998 1092 laterali,
1015 1025 1149 1078 manent
1166 1035 1241 1097 ergo
1256 1012 1432 1096 hodieque
1478 1021 1481 1046 ·

271 1144 333 1207 que
347 1121 470 1208 priscae
485 1121 731 1186 constructionis
746 1121 888 1206 politicae
903 1121 1033 1185 formae.
1050 1159 1053 1168 ·

213 1209 217 1218 ’
357 1227 555 1312 Ampliorem
585 1239 617 1292 et
645 1227 746 1312 magis
776 1238 921 1292 omatam
949 1225 1219 1292 constructionem
1244 1223 1281 1286 in
1308 1221 1433 1308 strophis

272 1335 448 1400 ostendunt
474 1333 615 1398 carmina
634 1334 750 1398 harum
770 1332 978 1398 dialectorum
998 1332 1033 1396 in
1054 1331 1215 1397 codicibus
1237 1340 1364 1394 servata
1378 1327 1434 1413 jam

273 1463 339 1506 non
354 1441 433 1504 adeo
448 1449 585 1504 vetusta.

358 1545 531 1610 Cornicum
553 1550 666 1631 polima
683 1546 723 1608 de
737 1543 885 1628 passione
901 1543 1022 1608 Christi
1036 1542 1283 1608 constructionis
1300 1563 1435 1606 versuum

273 1663 412 1716 veterem
433 1651 567 1715 formam
587 1653 669 1716 bene
691 1650 838 1715 servavit.
879 1650 1101 1734 Compositum
1122 1660 1171 1714 est
1193 1649 1284 1713 enim
1306 1647 1435 1712 versibus

273 1759 411 1822 duorum
425 1757 640 1820 membrorum
655 1779 729 1820 cum
743 1755 883 1840 septenis
899 1756 1042 1840 syllabis,
1057 1755 1094 1820 ut
1108 1757 1252 1822 cannina
1263 1766 1389 1820 retrrsta
1397 1753 1435 1816 hi·

273 1863 402 1929 bernica
423 1861 624 1927 decurrentia
645 1863 680 1927 in
702 1862 848 1926 distichis
867 1884 941 1925 cum
956 1861 1140 1926 assonantia
1160 1861 1379 1946 contraposita
1396 1857 1437 1922 rel

275 1968 468 2054 copulativa,
486 1979 518 2032 et
537 1970 578 2032 ab
600 1967 650 2032 his
672 1991 710 2034 eo
732 1967 848 2045 differt,
867 1968 953 2052 quod
973 1979 1110 2052 quatuor
1131 1989 1244 2032 versus
1268 1965 1437 2031 assonantis

275 2075 455 2162 copulativa
469 2074 667 2152 continuata,
681 2095 781 2159 eaque
793 2073 925 2158 duplici,
940 2073 976 2137 in
987 2073 1150 2157 stropham
1162 2073 1277 2138 sociat.
1304 2069 1438 2156 Exempli

275 2203 371 2246 causa
385 2180 463 2246 sisto
478 2165 623 2266 strophas
639 2181 718 2245 duas
735 2184 808 2243 232.
829 2184 902 2258 233,
920 2181 959 2243 de
975 2180 1140 2264 sepultura
1154 2179 1292 2244 Christi.

427 2339 513 2412 Josap
530 2339 575 2396 tha
593 2337 693 2396 Christ
707 2357 725 2394 a
739 2355 848 2414 ryaaas
865 2329 876 2418 ll
890 2357 912 2413 y
926 2357 1019 2396 arroso
1034 2339 1093 2414 hay
1108 2338 1241 2415 thesreylt
1257 2338 1345 2396 rodeli

433 2440 478 2500 Ya
493 2459 594 2498 sennar
609 2439 657 2496 dez
672 2437 722 2518 [aa]
738 2459 780 2517 yn
794 2439 873 2497 rohas
917 2439 974 2516 loy
989 2458 1021 2496 ac
1034 2447 1175 2516 yetyaaor
1184 2459 1248 2514 par
1263 2440 1324 2500 dclx

428 2542 511 2601 Adro
527 2542 577 2618 tty
589 2544 694 2620 persy
710 2541 821 2618 trylyas
838 2534 848 2622 ss
864 2541 978 2598 readcll
990 2540 1053 2598 rich
1065 2561 1107 2618 yn
1123 2541 1186 2598 luae
1194 2541 1274 2618 plag

430 2639 483 2702 Ha'
496 2643 608 2721 Maipa
625 2643 670 2702 lea
684 2663 702 2700 α
717 2661 765 2702 ras
782 2635 792 2724 ΙΙ
806 2663 897 2718 panso
913 2651 983 2702 treet
995 2643 1034 2702 ta
1048 2643 1208 2702 morethek.

281 2907 364 3047 Ltpaert
376 2905 441 3063 alilyi
456 2905 491 2976 (2,
507 2909 566 3064 2)24.
581 2907 653 2979 440).
674 2908 840 2962 Assonantia
854 2908 1037 2982 contraposita
1048 2909 1077 2964 in
1089 2907 1217 2964 membris
1230 2914 1389 2962 octonarum
1399 2899 1439 2971 syl*

357 3009 403 3064 upr
431 2995 453 3057 1,
470 2994 518 3045 314
543 3012 549 3046 a

430 3114 1302 3188 Petraar'ayadcrmcae?lEurrummmacclduqrsdonne.

282 3239 399 3292 Rariora
410 3237 531 3292 membra
541 3255 708 3293 novenorum
720 3240 764 3294 rel
775 3257 900 3294 senarum
913 3237 1076 3310 syllabarum
1090 3240 1125 3310 (2,
1141 3239 1203 3310 62)r

367 3373 411 3427 Ne
421 3371 494 3438 vina,
508 3373 596 3439 acad,
612 3374 685 3428 balek
697 3392 733 3428 ao
744 3375 875 3440 moaac’b,
891 3375 900 3445 l
914 3375 987 3430 lokct
997 3393 1036 3429 em
1048 3393 1094 3430 cua
1105 3393 1150 3429 naa
1162 3374 1259 3446 spereat
1267 3393 1299 3430 er
1305 3371 1400 3445 plsa’b.

284 3507 355 3563 Sena
366 3507 395 3562 in
407 3507 531 3563 distichis
543 3509 586 3564 rel
597 3509 626 3563 in
639 3511 758 3582 strophis
771 3517 888 3582 quatuor
899 3509 1032 3565 linearum
1044 3511 1073 3565 in
1085 3511 1205 3566 aditione
1218 3511 1257 3583 (2,
1271 3511 1352 3582 tun:

558 3633 657 3687 Jecur!
669 3651 752 3704 peyar
765 3633 872 3688 brusco
885 3633 894 3704 ll
902 3633 1027 3704 plir'adar
1038 3651 1093 3688 aaa
1105 3649 1178 3700 enac,

460 3759 464 3772 .
562 3718 604 3771 Po
615 3717 674 3772 ciat
684 3717 763 3772 dirok
775 3719 851 3784 douc,
866 3719 876 3790 l
889 3719 941 3790 top
954 3736 1005 3772 aaa
1017 3719 1050 3772 lte
1058 3724 1185 3788 parona.

285 3839 404 3911 Stropha
414 3839 527 3894 triadica
539 3857 600 3895 cum
613 3841 718 3896 octonis
731 3841 841 3913 syllabis
853 3841 883 3896 in
895 3840 974 3894 lineis
988 3840 1024 3912 (1,
1037 3841 1099 3912 50)=

651 3966 699 4020 Ηο
711 3966 801 4019 orobik
812 3965 878 4020 cokr
889 3963 962 4018 c'bur'
972 3981 988 4017 a
1000 3962 1081 4029 uires,

651 4051 701 4104 Me
712 4068 756 4103 mo
769 4049 828 4102 lini
838 4068 880 4103 ma
891 4067 908 4102 a
918 4051 1014 4119 pollen.

659 4137 742 4190 Troes
754 4136 830 4190 oraria
842 4153 940 4188 moram
952 4153 969 4188 a
981 4135 1077 4188 drusa!

285 4258 348 4312 Non
365 4257 542 4311 inveniuntur
560 4258 686 4330 strophae
703 4257 846 4328 ampliores
864 4275 926 4311 cum
944 4257 1107 4312 assonantiis
1123 4257 1151 4311 iu
1164 4259 1245 4312 certis
1257 4255 1337 4312 lineis
1348 4265 1440 4324 rapot·

288 4343 425 4407 dentibus,
440 4341 511 4396 utin
523 4343 655 4398 armorico
667 4347 790 4416 potmata
802 4343 837 4398 de
849 4343 878 4398 S.
894 4343 921 4397 N
922 4343 1005 4408 onita,
1020 4343 1048 4397 iu
1061 4359 1116 4414 quo
1128 4349 1223 4396 contm
1234 4341 1311 4398 nulla
1322 4347 1364 4396 ast
1373 4351 1438 4394 mett

287 4429 397 4482 brorum
410 4427 507 4483 divisio
520 4428 555 4482 ob
567 4445 626 4484 eam
637 4427 809 4501 stropharum
821 4427 1050 4484 coustmctionem
1062 4429 1149 4500 magia
1160 4428 1329 4502 implicitam.
