3082 5070
232 475 413 520 areeunrx.
446 475 612 518 sancimen
628 473 754 518 coniers
772 473 951 518 nrnaarcrcr
967 475 1017 518 ca.
1132 455 1214 518 1075

76 645 307 690 commemorasse
329 635 361 688 et
380 623 524 688 docuisse
545 622 694 688 sufficiat.
723 623 808 686 Nam
823 622 964 706 cognita,
981 633 1079 706 quota
1093 617 1157 685 sit³
1178 622 1212 686 in

76 732 208 798 Calendas
226 731 314 808 luna,
331 731 424 794 facile
446 729 553 806 etiam,
569 727 680 793 ceteris
702 727 857 812 cujusque
878 729 997 792 mensis
1016 728 1128 792 diebus
1151 749 1215 811 qua

74 837 108 900 sit
120 847 221 914 aetate,
235 847 360 900 cantato
375 835 445 920 ipso
460 857 569 900 mense
583 847 616 900 et
627 835 888 898 concurrentibus
900 833 1009 918 digitis
1021 833 1215 919 apparebit.⁴

74 942 143 1006 Sunt
155 953 255 1006 autern
269 943 348 1006 anni
363 953 425 1006 tres
440 941 551 1006 circuli
559 937 576 1004 ¹⁵,
592 939 867 1016 decennovenalis,
885 939 921 1004 in
936 939 1051 1022 quibus
1067 941 1151 1004 idem
1165 963 1214 1004 ar·

72 1059 237 1129 gementum
258 1047 464 1112 stabilitatem
487 1047 538 1110 sui
561 1045 678 1112 tenoris
696 1067 881 1110 conservare
896 1041 1062 1129 nequeat,⁶
1082 1059 1214 1112 octavus

72 1152 207 1230 videlicet,
224 1154 422 1230 undecimus,
440 1163 473 1218 et
486 1171 592 1216 nonus
606 1151 760 1228 decimus,
777 1151 829 1214 cui
844 1171 973 1216 causam
987 1149 1145 1216 nutandi⁷
1163 1175 1214 1218 va·

71 1257 109 1322 ria
126 1259 194 1324 lacit
214 1281 249 1324 ac
270 1259 412 1344 dispersa
431 1281 487 1343 per
510 1279 632 1322 annum
652 1256 911 1322 embolismorum
931 1257 1074 1322 insertio.
1107 1258 1213 1342 Siqui-

71 1365 130 1428 dem
148 1387 227 1430 anno
242 1375 353 1430 octavo
367 1365 447 1430 luna
461 1364 677 1430 Calendarum
692 1360 852 1446 Majarum
863 1363 959 1447 juxte
975 1363 1130 1430 rationem
1144 1365 1213 1448 qui·

71 1470 129 1536 dem
147 1471 321 1555 argumenti
342 1471 501 1536 XXVIII
524 1479 740 1553 computatur,
757 1470 813 1532 sed
834 1481 962 1554 propter
976 1469 1210 1547 embolismum,

70 1575 161 1658 quiin
176 1579 290 1642 Martio
310 1598 420 1640 mense
441 1575 603 1651 inseritur,
622 1574 762 1637 XXVII
785 1576 937 1656 probatur
952 1575 1096 1639 existere.
1130 1577 1214 1640 Item

69 1679 258 1747 inCelendas
280 1682 385 1745 Julias
409 1681 505 1766 juxta
527 1691 753 1763 argumentum
775 1681 880 1742 XXX
907 1681 976 1744 fieri
995 1681 1101 1765 potuit
1121 1681 1210 1759 luna,

68 1787 111 1849 sed
125 1801 245 1872 propter
259 1789 470 1872 adjectionem
485 1787 559 1863 diei,
578 1805 672 1869 quem
688 1784 891 1868 superfluitas
906 1785 1083 1850 embolismi
1098 1787 1213 1850 attule-

66 1903 115 1970 rat,
130 1893 163 1956 fit
184 1895 319 1958 XXIX.
353 1895 436 1956 Item
458 1913 544 1955 anno
560 1891 612 1954 XI
636 1889 711 1972 quia
731 1890 809 1952 luna
830 1891 1007 1956 embolismi
1030 1891 1130 1978 pridie
1146 1893 1212 1957 No·

65 2018 113 2061 aas
126 1999 309 2063 Decembres
328 1999 521 2074 accenditur,
540 1997 615 2060 facit
631 1995 741 2058 lunam
756 1996 791 2057 in
806 1995 964 2060 Calendas
979 1997 1112 2062 Martias
1127 1998 1212 2082 vige·

65 2102 160 2167 simam
182 2127 248 2170 esse
270 2118 302 2169 et
323 2115 477 2180 octavam,
494 2125 568 2166 curn
590 2102 672 2164 hanc
695 2101 776 2164 ratio
798 2103 979 2186 argumenti
994 2105 1119 2167 XXIX
1135 2115 1212 2168 tunc

65 2208 181 2273 existere
201 2211 324 2274 doceat.
358 2211 442 2273 Item
460 2231 545 2273 anrro
561 2201 722 2271 XV1111⁸
743 2207 818 2291 quia
833 2209 911 2272 luna
926 2209 1104 2274 embolismi
1120 2211 1213 2273 tertio

63 2313 105 2377 die
120 2317 283 2380 Nonarum
299 2315 487 2380 Martiarum
507 2313 632 2398 incipit,
650 2313 736 2398 cogit
755 2315 866 2378 lunam
887 2313 922 2376 in
936 2316 1092 2379 Calendas
1109 2316 1212 2400 Majas

63 2419 203 2486 XXVIII
216 2422 407 2506 computari,
421 2443 495 2484 cum
507 2421 684 2485 XXVIIII
697 2421 873 2484 secundum
885 2421 1065 2502 argumenti
1076 2421 1211 2484 calcula·

63 2525 165 2591 tionem
185 2525 347 2605 canatur‚⁹
368 2551 430 2612 quo
452 2527 548 2590 etiam
571 2547 656 2590 anno
678 2526 800 2590 ratione
821 2526 921 2590 saltus
942 2525 1075 2602 lunaris,
1094 2527 1212 2608 dequo

61 2629 88 2694 in
107 2637 308 2718 sequentibus
330 2634 482 2709 dicemus,
500 2633 596 2696 fidern
612 2633 753 2714 ejusdem
768 2631 948 2716 argumenti
963 2631 1143 2716 impugnat.
1177 2631 1213 2694 Si

60 2739 132 2803 enirn
156 2741 264 2826 ipsum
289 2751 515 2824 argumentum
537 2739 632 2822 juxta
651 2737 826 2821 Aegyptios
848 2759 868 2800 a
890 2735 1070 2820 Septembri
1090 2757 1211 2814 mense,

59 2845 105 2908 ubi
124 2847 317 2934 principium
337 2857 385 2909 est
404 2844 483 2909 anni
497 2867 617 2921 eorum,
636 2843 846 2919 inchoaveris,
865 2864 992 2905 necesse
1008 2852 1066 2919 est,
1084 2851 1120 2904 ut
1134 2841 1213 2904 luna

58 2949 127 3014 Julii
140 2953 259 3018 mensis
274 2975 311 3016 eo
326 2973 412 3016 anno
421 2947 447 2986 ¹⁰
463 2951 588 3014 XXIX
603 2949 670 3014 dies
686 2961 723 3013 ut
738 2971 904 3032 nunquam
916 2947 994 3012 olias
1006 2947 1132 3024 habeat,
1146 2969 1212 3010 uno

58 3055 188 3122 videlicet
209 3058 335 3122 ratione
357 3053 492 3122 saltus¹¹
515 3055 641 3132 amisso,
660 3067 694 3119 et
713 3057 753 3119 ob
774 3056 807 3119 id
821 3056 900 3118 luna
916 3054 1130 3117 Calendarum
1144 3055 1211 3116 Au·

56 3173 207 3242 gustatum
229 3163 324 3227 tertia
339 3163 498 3238 reddatur,
517 3183 598 3246 quae
609 3161 707 3244 juxta
720 3159 900 3244 argumenti
914 3159 1057 3242 regulam
1073 3159 1212 3222 secunda

56 3271 299 3352 computabatur.
325 3267 360 3332 Si
377 3289 449 3331 vero
460 3267 556 3352 juxta
570 3267 630 3329 hoc
646 3267 731 3350 quod
746 3287 804 3328 nos
820 3287 917 3349 supra
931 3263 1108 3341 docuimus,
1127 3287 1146 3326 a
1156 3265 1210 3327 Ja-

56 3375 155 3440 nuario
168 3375 365 3460 principium
381 3373 561 3458 argumenti
577 3395 700 3436 sumere
716 3371 828 3448 mavis,
843 3371 953 3434 eodem
965 3369 1074 3434 ordine
1086 3369 1165 3433 luna
1175 3369 1210 3433 in

53 3477 197 3546 Calendas
214 3482 406 3546 Decembres
422 3481 489 3545 VII
512 3479 657 3555 incurrit,
679 3500 760 3562 quae
771 3477 867 3562 juxto
882 3490 1107 3561 argumentum
1122 3489 1212 3542 sexta

54 3583 112 3648 fieri
132 3589 279 3652 debuisse
301 3587 485 3670 putabatur,
509 3585 584 3670 quia
606 3584 758 3649 nimirum
780 3584 859 3646 luna
880 3583 1071 3648 Novembris
1092 3583 1211 3648 mensis

53 3710 140 3756 unam
161 3693 283 3758 amittit
304 3692 399 3770 diem,
418 3703 450 3756 et
471 3715 529 3778 pro
543 3691 650 3757 XXX
665 3690 826 3756 consuetis
841 3691 965 3752 XXIX
981 3691 1085 3752 solum
1099 3689 1210 3751 diebus

52 3799 166 3882 cogitur
188 3821 258 3864 esse
279 3809 439 3862 contenta.
473 3799 564 3866 Quae
586 3797 726 3882 profecto
749 3795 858 3860 omnia
872 3795 987 3858 melius
1003 3793 1210 3876 colloquendo

51 3924 138 3985 quam
159 3905 327 3970 scribendo
349 3906 513 3968 docentur.
546 3904 622 3966 Non
646 3913 753 3966 autem
769 3901 948 3964 transitorio
963 3920 1210 3963 commemoran-

53 4223 59 4235 ὁ
111 4145 187 4200 aeia
204 4146 249 4198 dea
266 4142 423 4214 darsioedar
491 4143 566 4215 t(in
583 4143 682 4214 marg.)
697 4160 726 4196 a.
745 4139 837 4194 ambae
854 4135 1211 4194 emaculandum

47 4231 125 4366 ”ab
145 4332 175 4368 .r.
191 4321 266 4368 mora
277 4311 379 4368 blandai
382 4313 549 4384 frithubold
560 4331 668 4368 marma
680 4311 780 4366 eima
825 4315 841 4364 6
861 4329 890 4364 a.
903 4310 967 4364 ami
978 4308 1066 4364 torcell
1075 4309 1213 4379 arqumr'nt

45 4398 299 4454 colatdlcirdm'clda'n
341 4399 539 4470 lubnollc'qtlu
580 4396 900 4469 8.r.soroeaanocdocdi
939 4400 1088 4450 darconar
1130 4399 1160 4448 lo
1181 4413 1210 4450 a,

46 4481 199 4540 bamam
217 4488 249 4540 re'
265 4484 336 4539 nicil
347 4485 373 4538 lo
384 4502 478 4555 aegyp.
492 4483 689 4540 iainbliada'nu'a
700 4483 846 4540 mour
856 4482 911 4536 solt
981 4484 1008 4534 ll
1032 4499 1059 4536 a.
1075 4480 1104 4536 bi
1116 4481 1204 4536 ‚1111
1203 4520 1209 4534 .

44 4567 69 4622 k.
81 4587 134 4642 sep.

940 4655 1002 4716 68*
