2994 5052
275 353 337 416 702
461 355 521 419 IV.
540 361 571 416 4.
601 371 810 418 rsnrrcums
824 371 1017 416 nnosrrvsn
1033 371 1252 416 urunnsrcsa.

273 522 405 588 metecdt
424 521 617 586 diemde'saib
635 521 775 585 mainbet
788 521 891 586 mathi
905 521 988 602 (sine
1002 520 1227 584 concordantia
1241 542 1317 584 cum
1331 543 1434 585 comm

273 629 429 704 moribus,
455 627 483 690 si
502 649 568 690 non
590 638 666 691 sunt
687 627 776 709 boni)
796 633 856 689 11⁰.
889 625 1017 690 armoire
1038 625 1160 690 waaris
1181 648 1225 689 no
1242 627 1433 708 preceptora

274 735 332 817 (gl.
350 733 492 815 alioquin
508 733 686 796 debueratis
702 732 816 795 dehoc
832 733 953 795 mundo
968 731 1082 807 exisse,
1104 739 1131 792 1.
1151 732 1224 794 Cor.
1244 739 1274 808 5,
1293 739 1350 808 ¹⁰3
1368 732 1390 794 i.
1407 755 1431 794 e.

273 839 300 902 si
321 824 387 901 nou
408 847 490 900 esset
511 859 607 900 causa
628 837 725 921 hujus
747 837 920 914 doctrinae,
938 839 1074 918 vestrae)
1091 832 1135 898 9⁵.
1168 837 1291 900 Eadem
1311 836 1434 900 infectio

273 965 348 1007 cum
362 953 512 1006 manente
528 941 542 1003 i
555 942 715 1024 sequentis
731 943 884 1006 formulae
900 943 975 1026 πέρι
992 941 1114 1034 maim'p
1130 941 1302 1005 iacdrudso
1319 942 1361 1024 (si
1374 963 1433 1004 non

273 1049 319 1112 ita
330 1051 392 1130 est)
405 1049 480 1110 Wb.
499 1051 560 1108 10⁸.
579 1046 723 1128 cainqtrsa
733 1048 799 1110 sdir
811 1050 867 1129 (=
878 1049 1029 1130 cam’psa:
1046 1069 1154 1109 annon
1165 1069 1237 1110 sum
1249 1047 1362 1131 libert)
1377 1053 1431 1109 lo‘.

360 1158 390 1215 2.
416 1151 578 1215 Particula
592 1152 741 1234 negativa
755 1154 932 1216 sententiae
947 1152 1155 1236 dependentis
1170 1153 1221 1215 vel
1232 1153 1382 1215 relativae
1392 1165 1435 1216 est

273 1261 336 1322 NA
352 1261 404 1336 (ut
420 1279 456 1320 as
471 1259 653 1341 dependens
669 1269 779 1321 contra
794 1259 821 1322 is
837 1261 1044 1339 absolutum),
1063 1279 1119 1340 pro
1135 1279 1198 1340 qua
1211 1257 1433 1340 frequentiores

273 1358 444 1427 occurrunt
458 1362 576 1426 formae
591 1373 702 1426 auctae
717 1364 809 1439 duae,
827 1361 923 1425 NAD
940 1372 972 1424 et
986 1361 1125 1426 NACH.

358 1469 422 1532 NA
442 1468 605 1532 invenitur
622 1467 737 1550 juncta
758 1489 832 1529 cum
854 1466 1001 1529 consonis
1023 1467 1158 1530 residuis
1176 1467 1375 1550 pronominis
1389 1467 1433 1530 vel

272 1575 398 1640 articuli
413 1573 523 1636 infixi:
542 1574 789 1636 arnamtomnod
801 1571 1040 1635 ndmmindaioe
1052 1573 1110 1654 (gl.
1124 1593 1165 1635 ne
1181 1573 1252 1654 quis
1267 1595 1320 1635 me
1332 1573 1435 1636 existi·

272 1691 339 1743 met
361 1702 455 1763 super
476 1679 509 1740 id
532 1677 617 1760 quod
638 1675 724 1740 videt
744 1699 814 1752 me;
837 1676 860 1738 i.
878 1699 906 1738 e.
925 1699 966 1739 ne
986 1699 1036 1738 me
1052 1677 1179 1760 cogitet,
1198 1679 1283 1760 quod
1297 1700 1365 1741 non
1380 1678 1433 1741 sim

272 1786 368 1848 homo
374 1811 383 1860 ;
401 1785 490 1847 addit
503 1783 608 1866 glossa
622 1782 738 1845 latine:
757 1783 815 1844 ced
828 1783 918 1866 deus)
930 1783 1006 1846 Wb.
1025 1778 1087 1844 17⁶.
1105 1783 1295 1846 domdnoraa
1309 1781 1433 1846 damari

265 1891 391 1972 peccari
406 1889 480 1952 hdre
494 1886 733 1970 adaraira'psiur
748 1886 809 1970 (gl.
828 1887 897 1950 sine
911 1887 980 1969 lege
995 1887 1081 1950 enim
1095 1899 1262 1970 peccatum
1275 1899 1433 1950 mortuum

271 2005 350 2072 erat,
368 1995 463 2058 Rom.
484 2003 513 2069 7,
533 2000 568 2068 83
593 1993 615 2054 i.
634 2015 662 2055 e.
685 2003 764 2075 puto
785 1994 869 2074 quod
889 1991 951 2055 fuit
972 2003 1134 2056 mortuum
1155 2004 1341 2076 peccatum,
1367 1993 1434 2076 quia
1489 2061 1490 2064 Ἴ

271 2121 337 2162 non
359 2099 392 2162 id
413 2099 606 2183 perpetravi)
622 2099 698 2161 Wb.
718 2102 759 2159 3⁰.
785 2097 858 2160 died
878 2097 994 2160 ar'mser
1016 2100 1132 2162 ndmba
1154 2099 1244 2161 dabar
1265 2095 1326 2181 (gl.
1344 2097 1434 2162 stabit

272 2215 397 2279 autem;
411 2205 434 2266 i.
449 2227 477 2266 e.
493 2204 552 2267 erit
564 2214 701 2286 tempus,
716 2225 779 2284 quo
791 2223 857 2265 non
868 2202 928 2265 erit
939 2202 1102 2278 infirmus3
1120 2204 1276 2279 nd-m-ba,
1290 2204 1432 2278 ard-ndo,
1488 2245 1490 2288 3

272 2331 346 2372 oum
368 2331 401 2385 n,
419 2329 450 2372 m
469 2309 614 2390 relativa)
632 2309 706 2372 Wb.
727 2305 770 2370 6¹³.
795 2309 886 2371 aster
909 2307 1042 2391 infectio
1064 2330 1175 2391 asmaq
1189 2317 1221 2371 et
1234 2309 1434 2372 naneoimdiu

273 2414 365 2496 (dicit
379 2435 477 2489 nunc,
495 2416 580 2496 quod
596 2426 644 2476 est
659 2435 767 2477 servus
783 2423 815 2476 et
829 2435 896 2475 non
911 2413 1073 2495 dominus)
1091 2414 1164 2476 Wb.
1186 2418 1248 2476 17¹.
1489 2395 1490 2412 ¹

357 2519 464 2594 Nun,
479 2497 591 2582 Nlo:
610 2517 673 2581 raet
684 2521 752 2582 aaa
765 2517 916 2581 {maestae
927 2519 967 2603 (is
983 2519 1115 2602 quinon
1127 2519 1349 2600 circumcisus)
1361 2521 1431 2583 wa

275 2620 317 2686 1¹¹.
341 2625 400 2686 ani
419 2625 487 2686 aad
506 2631 686 2686 oomnaotar
707 2623 797 2686 duint
818 2623 976 2686 trianecne
991 2625 1039 2706 (id
1058 2625 1144 2706 quod
1164 2645 1232 2688 non
1251 2624 1433 2709 concipiunt
1489 2653 1490 2688 2

271 2728 417 2792 homines
435 2727 616 2812 cognitione
632 2732 715 2810 sua),
734 2727 806 2791 indi
817 2730 886 2792 odd
897 2731 935 2792 m'
948 2729 1023 2793 litei
1036 2732 1131 2812 (quae
1145 2751 1212 2793 non
1228 2741 1305 2794 sunt
1320 2751 1370 2793 res
1384 2751 1433 2792 ro·

270 2833 337 2910 bis,
362 2832 484 2897 nullius
509 2833 664 2896 momenti
689 2834 775 2916 apud
799 2835 869 2915 ros)
885 2835 960 2897 Wb.
980 2839 1022 2896 δ’.
1051 2855 1114 2897 om.
1144 2833 1260 2899 innati
1277 2838 1435 2900 auduom

271 2939 371 3002 setabi
385 2938 442 3020 (gl.
462 2948 624 3020 tamquam
646 2959 713 3000 non
735 2937 899 3015 habentes,
918 2943 1080 3022 uxorem),
1100 2961 1163 3003 am.
1186 2941 1268 3004 nolti
1285 2939 1434 3004 addcliat

272 3045 330 3128 (gl.
349 3055 511 3125 tamquam
532 3063 599 3105 non
619 3043 764 3124 flentes),
782 3063 846 3106 am.
870 3045 951 3108 nulii
970 3045 1171 3109 nadclrrenat
1191 3045 1249 3128 (gl.
1274 3057 1432 3129 tamquam

271 3171 337 3212 non
358 3148 573 3232 possidentes;
599 3147 621 3210 i.
640 3169 668 3210 e.
694 3147 914 3227 similitudine,
933 3149 1033 3214 instar
1055 3172 1175 3227 eorum,
1194 3151 1250 3233 qui
1272 3171 1339 3214 non
1360 3152 1432 3226 etc.)

271 3255 347 3318 Wb.
369 3249 432 3314 10⁶.
457 3252 494 3316 m'
507 3252 695 3336 tac'bridfor
708 3252 786 3316 neele
801 3254 838 3316 ni
850 3255 919 3318 aad
930 3256 1062 3318 accodra
1079 3259 1133 3336 (ne
1148 3256 1229 3319 detis
1245 3255 1344 3320 alicui
1358 3273 1430 3326 rem,

271 3379 367 3442 quam
381 3379 447 3420 non
462 3357 545 3438 vult)
563 3355 637 3420 Wb.
657 3361 698 3419 6⁶.
724 3357 764 3420 da
778 3358 1061 3441 nqrdimmaircide
1074 3363 1143 3424 aad
1156 3361 1284 3424 wchtad
1296 3381 1362 3423 som
1377 3357 1433 3422 dli·

268 3464 333 3548 qed
359 3461 646 3525 coimdemnaolttae
667 3462 770 3526 ianoib
793 3464 880 3526 dulit
903 3466 1048 3548 dosoraat
1069 3474 1085 3526 7
1108 3465 1323 3532 immanoccai
1344 3469 1433 3546 (esset

203 3611 206 3618 «
271 3567 511 3642 inconveniens,
528 3568 613 3648 quod
635 3589 701 3630 non
721 3567 851 3631 haberet
867 3569 922 3652 jus
944 3571 1169 3634 dominationis
1184 3571 1219 3633 in
1234 3572 1341 3646 rebus,
1359 3587 1431 3651 quas

271 3673 390 3736 creavit
411 3683 444 3734 et
463 3671 626 3755 perspicit)
644 3673 703 3734 Μ1.
726 3669 788 3735 tlh.
818 3674 902 3737 Item
916 3686 989 3757 post
1003 3675 1245 3760 conjunctiones
1260 3673 1431 3739 nominales

271 3777 362 3841 intan
379 3780 477 3859 (cum,
496 3787 636 3860 tempore
651 3782 739 3860 quo),
757 3782 820 3854 dre,
839 3778 924 3856 lo're,
942 3781 1043 3844 auare
1059 3782 1162 3864 (quia)
1178 3793 1252 3856 cta,
1271 3792 1344 3866 post
1358 3799 1431 3862 quas

271 3881 395 3945 obtinet
420 3882 548 3945 relatio:
579 3882 669 3945 intuo
690 3885 909 3948 aednaeastar
930 3894 961 3949 er
981 3885 1260 3970 nddforchlainter
1284 3889 1432 3968 (tempore

272 4007 334 4070 qao
349 4007 415 4050 non
430 3985 579 4070 arripitur
594 3997 626 4050 et
640 4007 706 4051 non
721 3989 862 4064 auditur,
877 3987 965 4052 venit
976 3990 1052 4072 fur),
1067 3992 1170 4055 ἑκταίη
1182 3987 1433 4054 „adamantum

271 4091 415 4156 allicitis
430 4095 518 4174 (cum
538 4113 604 4155 non
626 4093 816 4176 cogitabitur
838 4095 994 4158 adventus
1016 4096 1096 4178 ejus,
1114 4095 1216 4158 aderit
1231 4097 1298 4159 dies
1309 4091 1432 4178 judicii)

272 4197 347 4258 Wb.
367 4193 431 4258 25¹³.
456 4217 551 4278 ropso
572 4198 625 4260 beo
647 4197 751 4261 intuite
766 4201 834 4262 odd
846 4199 1020 4284 rairipsiar
1028 4201 1152 4282 peccari
1165 4201 1228 4282 (fui
1242 4201 1344 4277 vivus,
1362 4219 1430 4262 cum

271 4323 337 4364 non
358 4301 536 4385 perpetravi
555 4307 735 4386 peccatum)
751 4305 827 4366 Wb.
847 4309 887 4367 3⁶.
917 4305 992 4368 hore
1012 4308 1080 4370 aad
1098 4307 1339 4391 comdicm'ptlrer
1357 4303 1430 4368 mel
1489 4381 1490 4384 Ἴ

266 4405 384 4488 frt'toil
402 4407 491 4487 (quia
513 4429 579 4471 non
601 4409 725 4492 cogitur
746 4407 861 4492 aliquis
884 4423 993 4476 contra
1015 4412 1224 4490 voluntatem,
1243 4433 1308 4475 non
1329 4429 1434 4474 omnes
