2994 5052
288 375 348 438 IV.
369 379 398 435 2.
428 392 708 436 amarosrrronas
724 389 960 434 BRITANNICAE.
1145 369 1204 430 661

53 545 141 607 monn
163 543 194 605 ir
215 543 281 606 altr
297 547 370 604 232.
395 541 539 606 dioiroltu
553 563 642 623 pann
660 542 851 625 yner‘roland
865 544 938 602 253.
971 539 1062 600 Idem
1077 539 1208 599 verbum

53 671 117 710 cum
130 671 238 732 praep.
257 647 310 711 oin
326 648 438 732 (kynn,
455 647 535 722 kint,
553 668 586 728 p.
603 653 694 728 651):
713 655 793 709 nant
807 647 851 708 dn
866 642 1045 728 diryaniret
1060 643 1108 706 bet
1116 665 1209 724 pann

53 753 144 816 duna
165 753 294 816 inidair
315 752 380 816 cin
400 751 543 814 circha
563 753 622 836 tas
631 753 685 832 (ad
701 752 822 814 Dubim
836 770 963 812 amnem
978 750 1135 824 deorsum,
1153 749 1208 810 do·

54 881 104 920 aaa
116 858 227 920 defluit
243 859 278 920 in
294 869 409 920 terram
423 867 498 918 anta
513 857 566 931 T.‚
585 867 756 937 antequam
770 848 913 938 par‘vonit
927 854 962 916 in
977 855 1034 934 T.)
1051 860 1124 914 217.

127 963 305 1026 Cornioa
334 973 373 1024 ot
400 960 596 1022 armorica
625 961 824 1022 substantiva
851 959 902 1020 vel
923 957 1078 1040 adjectiva
1100 959 1208 1020 eodem

53 1070 145 1142 modo,
162 1079 199 1130 ut
214 1067 384 1141 cambuca,
403 1066 471 1128 loco
485 1065 754 1148 praepositionum
770 1074 944 1146 ponuntur,
963 1073 1019 1125 aut
1033 1085 1107 1126 cum
1122 1085 1210 1146 prae·

53 1173 255 1254 positionibus
270 1170 406 1254 propriis
422 1181 478 1234 aut
493 1171 561 1234 sina
577 1169 706 1233 eisdam.
739 1169 872 1232 Comice
887 1189 916 1230 e.
934 1190 981 1250 gr.
999 1167 1104 1230 mest.-
1121 1167 1209 1230 mest

53 1299 161 1340 nonan
177 1277 278 1356 (inter
298 1277 379 1357 lora)
397 1277 486 1338 Pass.
507 1283 578 1351 131,
599 1280 628 1350 2,
647 1297 703 1358 pro
723 1295 786 1357 quo
808 1283 856 1336 est
869 1295 913 1356 yn
928 1272 1038 1356 mysk:
1060 1295 1103 1356 yn
1119 1273 1210 1358 myst·

51 1382 211 1466 yabestely
229 1381 327 1461 (inter
342 1380 499 1462 apostolos
515 1382 601 1462 suos)
619 1385 670 1455 27,
693 1387 720 1440 1.

127 1489 189 1550 Pro
210 1487 331 1548 cambr.
349 1485 408 1561 hir,
427 1486 486 1560 bet,
505 1487 559 1569 byt
578 1485 702 1548 cornice
724 1483 860 1546 occurrit
879 1482 1014 1546 formula
1037 1483 1092 1566 bys
1113 1505 1175 1566 yn:
1198 1482 1212 1544 i

52 1591 96 1654 eth
109 1592 161 1675 bys
175 1614 221 1676 yn
237 1590 330 1652 Pilut
344 1591 484 1672 (iverunt
499 1593 539 1652 ad
555 1590 710 1670 Pilatum)
727 1591 765 1652 P.
785 1596 837 1664 96,
858 1595 887 1650 1.

127 1695 298 1758 Formulao
320 1696 464 1758 comicae
479 1717 552 1758 cum
567 1717 675 1778 praep.
693 1717 725 1769 a,
743 1715 812 1756 war
826 1703 906 1756 eto:
932 1691 1033 1756 abar-It
1048 1713 1133 1756 mam
1149 1694 1206 1776 (gl.

52 1811 228 1874 matutam
253 1800 275 1862 i.
294 1823 322 1862 a.
340 1823 360 1863 a
380 1811 469 1884 parta
490 1800 626 1880 matris),
644 1799 746 1862 abaris
768 1805 816 1860 tat
829 1799 887 1880 (gl.
906 1797 1021 1872 amita3
1044 1797 1066 1860 i.
1085 1819 1113 1860 a.
1131 1821 1150 1860 a
1165 1799 1209 1861 lo·

51 1920 109 1968 tere
132 1906 250 1990 patris;
279 1905 302 1966 i.
321 1927 349 1968 a.
372 1928 394 1968 a
420 1905 533 1986 barth)
556 1905 676 1967 Vocab.
705 1903 868 1986 warlyrylt
894 1902 998 1966 henna
1024 1906 1110 1985 (post
1135 1904 1207 1980 hoc,

51 2015 164 2092 postea)
178 2019 231 2086 01,
248 2016 278 2072 3.
301 2031 370 2072 war
384 2032 404 2093 y
420 2010 514 2094 lyrylr
529 2031 617 2072 mear
631 2033 652 2071 a
669 2009 702 2071 la
717 2010 803 2091 (post
818 2029 902 2083 eum,
916 2009 1040 2088 Jesum,
1055 2029 1209 2090 magnum

50 2138 175 2198 agmen3
201 2117 242 2178 cf.
268 2135 382 2178 armor.
411 2114 514 2190 ΙονοΙι,
540 2113 724 2197 vestigium)
744 2119 822 2188 163,
846 2119 876 2174 3.
909 2113 1076 2176 Formulae
1099 2113 1209 2176 oberth

52 2234 102 2299 ιε
123 2244 143 2283 a
164 2219 285 2301 barth),
305 2221 384 2282 adro
400 2222 526 2299 (armar.
545 2241 614 2280 war
633 2221 704 2301 dra)
721 2220 844 2280 addant
866 2217 1003 2300 amplius
1025 2239 1134 2300 praep.
1151 2239 1205 2302 yn,

51 2323 97 2385 the
109 2325 142 2386 in
155 2327 246 2388 Pass.
258 2347 265 2386 ε
281 2332 395 2387 mester
410 2325 483 2387 bras
495 2324 605 2388 aberra
616 2345 660 2407 yn
671 2324 750 2386 wlas
762 2326 913 2406 (magnus
925 2324 1068 2386 sacerdos
1080 2345 1137 2406 per
1149 2333 1208 2386 ter·

51 2450 122 2504 ram,
139 2429 293 2511 Caiphas)
311 2435 364 2504 89,
385 2437 413 2492 1.
438 2429 547 2492 oberth
566 2451 610 2513 yn
630 2429 699 2504 dra,
717 2429 827 2492 oberth
842 2450 886 2512 yn
901 2449 999 2490 nawa
1015 2427 1064 2507 (in
1079 2427 1206 2510 oppido,

49 2533 81 2594 in
94 2538 198 2617 arnae)
216 2541 268 2610 30,
289 2542 319 2596 3.
341 2541 411 2610 161,
432 2542 460 2596 1.
483 2541 554 2610 186,
575 2541 603 2595 1.
625 2555 667 2596 an
682 2533 835 2596 Ertewon
852 2533 902 2596 the
916 2536 1012 2595 Jesns
1027 2553 1113 2595 asena
1129 2533 1209 2594 adro

49 2639 171 2716 (Judaei
187 2639 306 2702 circum
321 2639 434 2701 Jesum
448 2640 551 2719 erant)
571 2646 641 2714 110,
660 2646 690 2700 4.
713 2639 792 2700 adro
808 2638 862 2722 tlty
875 2638 959 2722 yors
967 2661 988 2722 y
1005 2637 1126 2722 trylyas
1141 2657 1208 2702 sen·

51 2743 115 2804 dall
127 2743 260 2823 (aucum
275 2744 344 2826 ejus
359 2765 473 2826 corpus
489 2745 656 2806 volvemnt
670 2744 786 2825 linum)
804 2749 877 2818 232,
898 2750 927 2804 3.

127 2849 158 2909 Α
179 2847 316 2912 formula
339 2848 495 2911 cambrica
515 2871 559 2932 yn
579 2850 676 2932 erbyn
692 2849 741 2930 (in
756 2851 936 2930 occursum>
952 2847 1056 2912 differt
1070 2845 1206 2908 comica.

51 2951 103 3014 Est
116 2951 201 3015 anim
216 2965 273 3016 aut
288 2953 356 3016 sola
371 2953 478 3037 erhyn,
496 2954 518 3016 i.
533 2976 561 3016 a.
580 2976 615 3016 er
631 2955 703 3038 byn,
722 2966 778 3018 aut
793 2977 866 3020 oum
881 2950 1122 3037 pronominibus
1137 2971 1208 3033 pos·

50 3057 169 3120 srssivis
188 3058 339 3121 immissis
362 3058 444 3120 inter
466 3069 634 3144 utramque
657 3081 780 3124 vocem:
806 3059 903 3142 erbyn
923 3056 1032 3121 Christ
1051 3079 1072 3140 y
1093 3055 1145 3118 eth
1161 3054 1209 3135 (in

51 3184 209 3226 occursum
223 3163 344 3228 Christi
367 3162 507 3244 ivenmt)
523 3165 562 3226 P.
581 3169 632 3239 20,
653 3168 682 3226 2.
705 3164 814 3246 ywrek
829 3164 902 3228 athe
916 3161 1065 3245 ertlmbyn
1081 3159 1210 3241 (mulier

51 3267 103 3329 ibit
124 3281 232 3332 contra
254 3274 299 3351 to)
317 3276 369 3344 66,
389 3275 419 3330 3.
442 3289 515 3331 mar
529 3289 550 3330 a
565 3269 624 3332 das
639 3291 656 3330 o
672 3268 831 3351 wntnllys
847 3269 966 3352 eryhyn
982 3267 1035 3350 tlty
1048 3265 1209 3348 ynhntlras

52 3373 177 3448 (multas
198 3376 338 3457 populus
359 3385 427 3438 orat
446 3385 655 3456 congregatus
678 3385 788 3436 contra
808 3374 942 3436 eumad
964 3393 1038 3434 eum
1058 3393 1208 3434 accusau-

51 3478 137 3558 dum)
155 3486 202 3556 88,
221 3487 251 3542 4.
276 3479 369 3555 Pila
387 3501 503 3564 oowsys
525 3479 643 3562 erybyn
666 3481 719 3560 (P.
743 3477 826 3542 dixit
846 3499 955 3542 vorsus
978 3480 1066 3557 eum)
1085 3482 1156 3550 100,
1179 3483 1206 3538 1.

52 3603 143 3665 eraya
155 3586 219 3669 syn
241 3605 356 3668 anyer
369 3605 412 3667 ny
429 3583 536 3667 laoery
552 3586 676 3664 (contra
691 3604 743 3645 eos
759 3603 860 3644 unum
878 3583 1006 3646 verbum
1020 3603 1085 3642 uon
1100 3580 1208 3662 loque-

51 3686 164 3768 batur),
178 3711 276 3773 eraya
290 3689 360 3776 fyn
382 3709 424 3750 na
441 3687 581 3772 yewsytlz
598 3691 721 3768 (contra
743 3708 796 3749 eos
811 3689 895 3769 quod
910 3709 977 3750 non
992 3685 1084 3767 diois)
1103 3692 1155 3762 00,
1175 3692 1206 3750 4.

55 3796 123 3865 120,
142 3796 168 3854 2.
200 3797 263 3858 Ριο
279 3815 314 3856 er
328 3814 436 3876 praep.
454 3814 542 3856 war:
559 3813 632 3876 may
648 3792 734 3856 halle
749 3792 826 3875 doys
841 3813 943 3876 roary
960 3791 1021 3876 hyn
1037 3797 1088 3870 (ut
1102 3801 1209 3874 posset

52 3895 155 3958 venire
167 3897 198 3960 in
214 3899 283 3982 ejus
298 3901 478 3980 occursum)
498 3904 569 3974 171,
590 3903 620 3960 2.

133 4001 217 4069 Inter
239 4002 439 4090 substantiva
460 4001 598 4083 corporis
620 4003 761 4064 membra
783 4000 997 4084 significantia
1019 3999 1053 4064 in
1076 4019 1113 4060 eo
1132 4018 1206 4072 usu,

52 4119 87 4168 ut
106 4109 258 4175 oembrica
287 4129 383 4190 supra
404 4117 595 4182 memorata,
618 4105 743 4168 cornice
765 4105 890 4188 saepius
913 4115 961 4168 est
979 4125 1042 4186 pen
1063 4104 1204 4183 (caput):

51 4209 157 4290 ythem
177 4212 225 4276 tlte
248 4215 304 4276 ben
328 4211 452 4296 dewlyn
473 4211 669 4292 (oecidenmt
690 4211 725 4272 in
746 4212 865 4292 genua)
882 4211 920 4272 P.
942 4216 1012 4284 137,
1034 4215 1062 4268 1.
1083 4213 1155 4282 106,
1176 4212 1204 4268 1.

53 4335 118 4376 aar
139 4315 190 4378 bea
211 4318 333 4400 dewlyn
357 4339 402 4378 ow
425 4317 511 4380 rothe
533 4316 582 4396 (in
604 4337 709 4398 genua
730 4317 860 4395 cadens)
879 4320 950 4390 171,
971 4321 1001 4374 3.
1026 4333 1100 4394 may
1122 4311 1208 4374 taeta

52 4437 117 4480 aar
132 4418 184 4482 tea
197 4445 216 4505 y
233 4421 367 4506 thewlyn
383 4423 434 4503 (ut
448 4424 573 4486 caderet
587 4421 622 4483 in
636 4442 743 4505 genua
758 4423 829 4501 saa)
847 4425 898 4494 54,
917 4426 947 4482 4.
977 4416 1085 4484 Olnnst
1099 4415 1207 4482 aaran
