2978 5054
288 353 351 414 910
518 351 578 414 Vl.
600 357 628 412 1.
657 370 880 416 cousnaucno
896 371 998 414 vnaru
1014 371 1224 418 narraunrcr.

288 521 458 607 praeterito
480 521 666 586 secundario
687 541 765 584 usus
786 519 1010 584 conditionalis
1033 519 1140 602 (utin
1163 520 1326 586 hibernica
1345 521 1440 606 lingua

288 627 461 704 interdurn,
475 649 509 711 p.
525 631 617 709 896):
628 625 689 709 pei
700 648 744 692 00
760 625 809 690 aa·
823 625 920 692 drach
935 647 992 690 noo
1007 626 1048 709 ef
1055 648 1116 710 aye
1131 627 1228 710 dypea'
1238 635 1334 711 yatou
1343 649 1364 711 y
1374 628 1441 690 erait

289 733 331 820 es
346 734 388 816 (si
412 755 478 798 non
505 733 618 798 fuisset
643 731 753 796 fortior
778 753 826 808 eo,
852 753 919 796 non
940 731 1125 796 abstulisset
1147 732 1289 798 animam
1309 733 1393 816 ejus3
1411 735 1440 796 de

288 839 414 904 actione
424 839 494 922 jam
509 839 658 921 perfecta,
673 839 713 902 ad
729 839 878 902 verbum:
897 837 925 902 si
940 859 1006 903 non
1017 847 1111 914 esset,
1124 859 1190 902 non
1202 837 1354 920 auferret)
1367 839 1438 904 llab.

292 952 320 1020 1,
341 950 392 1008 20.
411 944 507 1026 aphri
519 945 658 1028 pwnelut
674 943 700 1008 a·
712 943 873 1030 qudyyor
888 966 930 1028 ny
947 943 1123 1028 cdydyrdea'
1136 941 1360 1028 aqytyrdaad
1371 967 1388 1008 0
1398 967 1440 1028 pc

289 1049 355 1113 ledi
374 1049 446 1142 atta
460 1049 500 1129 (si
522 1050 648 1116 fecisses
664 1049 833 1114 consilium
847 1071 967 1126 meum,
984 1069 1050 1112 non
1065 1048 1230 1114 accidisset
1244 1051 1331 1131 quod
1346 1050 1441 1114 accidit

288 1154 487 1220 difficultatis
514 1154 585 1236 tibi)
608 1158 638 1231 2,
658 1161 710 1218 61.
740 1154 901 1222 01000101
920 1155 1022 1220 ereint
1040 1154 1125 1218 idaeo
1140 1153 1271 1236 peidaw
1292 1176 1332 1218 nr
1350 1177 1440 1240 pane

287 1259 422 1324 lwanw.
443 1260 484 1344 ef
499 1259 623 1324 abeidei
642 1261 715 1344 vytlt
736 1261 896 1346 0011000οι
917 1283 956 1324 ac
975 1261 1017 1346 ef
1026 1259 1068 1342 (si
1088 1259 1242 1324 oravisset
1257 1259 1302 1324 G.
1320 1281 1401 1336 eum,
1415 1274 1442 1322 ιι

287 1366 453 1428 desisteret
475 1387 493 1428 a
515 1366 591 1430 ludo
613 1366 683 1442 hoc,
702 1366 771 1450 ipse
792 1366 966 1432 destitisset
981 1377 1064 1430 certe
1078 1365 1214 1430 libenter
1229 1367 1269 1428 ab
1285 1369 1338 1448 ec)
1355 1371 1384 1442 2,
1401 1372 1439 1428 11.

288 1471 463 1553 Utriusque
494 1470 642 1554 temporis
674 1471 793 1536 formae
814 1472 893 1536 adeo
915 1471 1113 1554 promiscuae
1139 1472 1310 1556 leguntur:
1332 1472 1388 1554 pet¹
1404 1493 1441 1536 ot·

283 1577 624 1662 porcdymmynaassut
633 1578 807 1662 nyapadwn
816 1577 857 1659 (si
864 1575 1025 1658 jussisses,
1035 1599 1102 1642 non
1110 1576 1353 1660 concessissem)
1362 1585 1391 1653 2,
1401 1583 1440 1640 18.

286 1683 408 1746 Contra
423 1681 546 1746 cornice
561 1682 679 1748 formae
693 1683 856 1766 praeteriti
871 1683 1051 1748 secundarii
1065 1693 1232 1766 ponuntur
1246 1682 1282 1746 in
1298 1682 1441 1768 significa·
1481 1757 1482 1760 Ἴ

288 1787 375 1852 tione
389 1788 564 1872 praesentis
579 1787 758 1852 secundarii
774 1787 870 1852 trium
884 1790 1061 1866 modorum,
1077 1799 1114 1854 ιιι
1129 1789 1276 1872 exempla
1287 1787 1380 1871 plura
1389 1788 1442 1870 jan

286 1893 321 1956 in
336 1895 430 1956 verbo
445 1893 606 1977 proposita
621 1895 795 1958 ostendunt
810 1895 856 1976 (p.
877 1897 964 1977 512).

372 1997 558 2064 Infinitivus
574 1998 670 2062 etiam
682 1998 853 2078 britannici
864 1999 963 2076 verbi,
977 2009 1014 2064 ut
1025 1999 1192 2075 hibemici,
1207 2010 1359 2064 naturam
1369 2019 1442 2083 prae-

286 2103 444 2168 valentem
467 2103 659 2168 substantivi
680 2125 756 2189 prae
771 2126 804 2168 se
819 2104 879 2168 lert
894 2104 1042 2188 praefixis
1057 2106 1238 2188 frequenter
1252 2103 1442 2188 praepositio

286 2208 392 2286 nibus,
411 2231 439 2272 c.
457 2231 505 2294 gr.
521 2210 645 2294 qwedy,
663 2210 732 2287 tet,
750 2232 807 2274 rae
822 2222 882 2274 ete.
901 2210 955 2290 (ef.
973 2233 1006 2293 p.
1027 2217 1099 2274 642.
1120 2217 1193 2274 643.
1213 2215 1305 2292 699).
1481 2273 1482 2296 3

371 2315 455 2380 Cum
477 2315 570 2378 certis
594 2315 786 2397 quibusdam
806 2315 1109 2400 praepositionibus,
1134 2339 1163 2380 e.
1181 2339 1231 2400 gr.
1256 2319 1377 2382 cambr.
1398 2337 1441 2400 yn,

286 2439 372 2482 corn.
391 2441 449 2496 ow,
467 2442 580 2484 armor.
599 2443 667 2496 ouz,
686 2421 865 2486 infinitivus
888 2421 1002 2486 transit
1024 2422 1058 2485 in
1077 2421 1349 2506 significationem
1362 2419 1441 2506 parti·
1480 2483 1482 2496 ἢ

285 2523 362 2606 cipii
383 2526 558 2607 praesentis
582 2527 636 2608 (ef.
665 2527 789 2592 hibern.
813 2549 866 2603 00,
889 2550 922 2612 p.
943 2532 1030 2608 897).
1064 2528 1115 2592 Ob
1140 2549 1347 2592 communem
1372 2527 1442 2590 hunc
1480 2613 1481 2616 Ἴ

285 2650 381 2692 usum
395 2629 430 2694 in
445 2631 587 2696 dialectis
602 2632 789 2699 britannicis
804 2631 873 2715 ejus
889 2633 1034 2716 exempla
1044 2633 1113 2717 jam
1127 2634 1161 2698 in
1178 2635 1285 2721 capite
1300 2635 1341 2698 de
1353 2630 1441 2698 formis
1480 2657 1481 2664 ¹

286 2733 373 2798 vcrbi
388 2748 572 2806 enumerata
587 2749 663 2802 sunt
679 2742 726 2830 (p.
746 2741 832 2824 522).

750 3003 1002 3016 ...μη-...ψ-

613 3307 786 3380 CAPUT
821 3307 1121 3378 SECUNDUM.

504 3509 561 3578 De
576 3509 845 3581 constructione
863 3509 1029 3603 poeticae
1047 3509 1235 3581 orationis

372 3708 447 3770 Non
473 3709 636 3770 communi
663 3709 794 3792 linguae
815 3708 927 3772 habitu
949 3708 1092 3791 procedit
1112 3709 1238 3791 politica
1260 3704 1377 3778 oratio,
1398 3697 1442 3762 aad

287 3812 415 3895 propria
436 3813 537 3876 forma
557 3813 672 3878 induta
692 3825 729 3877 ut
748 3823 836 3877 veste
858 3811 981 3876 festiva.
1014 3812 1177 3876 Differunt
1191 3812 1306 3897 populi
1320 3811 1353 3872 in
1367 3823 1442 3870 excr-

288 3917 395 3980 nanda
416 3917 485 3995 hac,
504 3918 579 4000 quia
601 3919 717 3982 diversi
739 3929 816 3980 sunt
835 3918 923 3982 modi
944 3918 1060 4000 quibus
1082 3917 1202 4000 ligatur
1216 3917 1329 3980 oratio.
1361 3907 1442 3995 apd

229 4020 234 4029 “
286 4024 442 4105 quosdam
459 4023 545 4085 enim
560 4024 677 4106 prodiit
692 4024 821 4087 habitus
836 4023 988 4087 orationis
1003 4023 1120 4107 ligatae
1135 4045 1152 4085 c
1167 4023 1348 4106 quantitate
1362 4015 1442 4100 sylb·

286 4127 416 4203 barum,
440 4131 526 4210 apud
547 4129 626 4192 alios
647 4149 664 4191 a
682 4127 890 4210 congruentia
905 4150 1066 4206 sonorum,
1084 4130 1163 4192 dum
1178 4128 1235 4192 alii
1249 4149 1308 4192 nec
1322 4127 1381 4189 boc
1395 4139 1441 4184 nes

286 4232 342 4294 illo
363 4234 456 4296 modo
479 4243 605 4296 utentes
621 4235 764 4298 contenti
779 4245 855 4298 sunt
869 4235 939 4317 pari
954 4235 1148 4318 syllabarum
1163 4255 1297 4298 numero
1310 4233 1346 4294 in
1361 4221 1443 4292 versi·

286 4337 358 4412 bus,
376 4349 414 4398 ut
429 4338 515 4414 Indi,
534 4340 584 4401 vel
607 4339 840 4402 sententianun
861 4341 999 4422 quadam
1014 4339 1217 4422 aequalitate,
1236 4359 1331 4422 quam
1347 4335 1442 4399 dicunt

287 4443 548 4526 parallelismum,
563 4455 600 4506 ut
615 4445 766 4508 Hebraei.
793 4445 847 4508 Illi
863 4445 1100 4508 constituerunt
1113 4446 1287 4510 orationem
1301 4441 1442 4528 politica!¹
