3056 5048
419 399 480 462 IV.
501 405 530 462 1.
563 417 963 464 anvnaorsaarrarvuma,
1215 399 1272 462 571

191 567 403 632 Armorica
429 569 586 653 adjectiva
605 569 827 634 adverbialiter
841 577 1022 634 coustmeta
1037 567 1197 652 negligere
1208 567 1276 652 jam

109 675 317 758 particulam,
342 685 432 759 patet
459 697 476 739 a
502 675 646 738 formulis
672 676 853 758 frequenter
878 673 978 739 obviis
1005 674 1039 738 in
1063 673 1169 738 uun:
1203 675 1278 740 duat

3 815 4 878 3
109 791 173 844 mat
195 783 292 863 (bene
314 804 494 866 aggressus,
519 781 573 864 qui
595 783 675 846 bene
694 781 836 858 advenit,
854 791 1014 865 aceeptus,
1033 779 1193 844 salutandi
1215 779 1276 842 for·

3 897 4 900 ’
108 888 219 968 mula),
248 889 356 952 madet
373 888 462 972 plan,
481 888 587 950 erodet
600 887 691 969 plen,
710 890 814 950 erodet
832 909 889 952 sur
904 889 1034 969 (credite
1054 897 1149 962 certe,
1166 886 1273 970 pleno,

108 999 242 1074 secure).
274 993 457 1076 Vestigium
472 993 614 1076 ejusdem
629 993 734 1057 adhuc
750 993 908 1058 inveneris
924 993 958 1058 in
975 993 1079 1056 Buh.:
1100 1001 1276 1077 loquerer

2 1117 3 1146 ¹
106 1107 172 1162 mat
192 1099 269 1178 (scis
291 1100 387 1182 bene)
404 1105 462 1177 48,
482 1104 533 1162 20.
559 1101 634 1164 duat
653 1121 687 1162 eo
710 1121 748 1163 en
769 1109 837 1165 mat
859 1101 959 1180 (bene
980 1098 1148 1183 processit,
1174 1101 1275 1182 puer)

2 1215 3 1271 ]
110 1211 180 1280 108,
201 1210 254 1268 25.

2 1307 3 1390 ζ
191 1317 222 1373 2.
261 1311 622 1374 Substantivorum
655 1311 801 1376 formae
834 1322 873 1375 et
905 1310 1102 1374 formulae
1135 1311 1274 1372 adver-

106 1417 247 1480 biales.
292 1417 506 1482 Cambriea
538 1417 737 1482 substantiva
768 1417 929 1482 interdum
961 1415 1171 1501 praemittunt
1195 1414 1273 1478 item

2 1549 3 1552 ¹
105 1523 296 1607 particulam
316 1523 361 1598 in,
380 1523 613 1606 significantem
634 1523 691 1586 lat.
709 1532 754 1598 ut,
771 1545 820 1608 gr.
839 1517 893 1600 ὡς,
910 1543 938 1586 e.
956 1544 1004 1606 gr.
1017 1521 1087 1603 jam
1107 1520 1142 1584 in
1159 1519 1273 1602 glossis

2 1667 3 1692 i
105 1629 231 1692 Oxou:
257 1628 314 1692 Iria
337 1650 411 1712 mop
434 1629 470 1692 di
488 1629 537 1692 iob
553 1631 604 1710 (ut
618 1629 639 1690 J
641 1629 708 1692 ovis
724 1629 835 1712 filius),
854 1651 935 1712 quae
950 1627 1073 1712 phrasis
1085 1626 1201 1710 poterit
1216 1625 1272 1688 ha·

2 1737 3 1744 ’
104 1734 169 1797 beri
188 1733 331 1798 adverbii
346 1735 414 1798 loco
430 1745 525 1820 atque
540 1735 662 1800 obtinet
677 1735 773 1798 etiarn
787 1747 861 1819 post
875 1735 1007 1798 verbum
1022 1732 1269 1809 substantivum,

1 1871 2 1878 ¹
103 1863 130 1904 e.
147 1863 197 1924 gr.
210 1863 217 1902 :
238 1841 279 1925 ef
288 1841 378 1904 adele
393 1841 456 1904 bod
468 1863 506 1904 ea
521 1841 582 1904 aab
596 1863 636 1926 yr
652 1841 770 1924 brenyn
787 1840 868 1926 (ipse
883 1842 976 1904 debet
991 1861 1058 1904 esse
1073 1839 1159 1902 filius
1175 1837 1272 1920 regis)

1 1933 2 1968 ³
103 1947 180 2030 Lag.
202 1955 232 2009 1.
253 1955 283 2010 7.
305 1954 332 2010 1.
353 1969 445 2031 ywyr
460 1945 600 2030 llyoltlyn
615 1968 701 2030 φωρ]
728 1947 778 2010 rei
801 1947 921 2032 lynny.
939 1969 960 2010 a
975 1945 1085 2010 marola
1101 1946 1162 2008 aab
1177 1943 1271 2007 meir·

102 2053 214 2116 chorea
241 2075 286 2136 yn
315 2061 498 2137 tywysaawc
527 2053 691 2116 araadoat
711 2052 784 2133 (viri
808 2052 1037 2118 Scandinaviae
1064 2062 1141 2114 sunt
1161 2049 1214 2126 hi,
1240 2059 1272 2112 et

102 2159 231 2222 Marcus
252 2157 339 2220 filius
355 2157 512 2222 Marciani
531 2159 597 2220 dux
619 2157 677 2241 eis)
694 2161 782 2222 Mab.
803 2165 832 2237 2,
853 2167 926 2222 360.
960 2162 1051 2227 Quae
1074 2157 1183 2222 eadem
1200 2177 1270 2239 par-

102 2265 218 2328 riculae
234 2263 425 2328 consociatio
440 2285 514 2327 cum
529 2263 706 2328 verbalibus
722 2265 929 2329 substantivis
950 2265 1000 2327 vol
1015 2263 1183 2326 infinitivis
1198 2282 1269 2344 pas·

101 2371 160 2434 sim
180 2369 320 2434 occurrit
341 2372 381 2434 ad
403 2369 649 2453 significandum
672 2370 876 2455 participium
896 2370 1072 2454 praesentis
1095 2367 1190 2432 activi
1211 2365 1266 2447 (cf.

99 2497 130 2560 p.
150 2479 240 2558 522).

183 2581 398 2666 Frequentius
421 2592 528 2644 tamen
548 2581 747 2646 substantiva
768 2581 935 2658 cambriae,
952 2582 986 2646 in
1002 2577 1267 2664 significationem

99 2687 331 2764 adverbiorum,
349 2687 411 2750 loci
432 2697 465 2750 et
481 2687 631 2771 temporis
646 2687 843 2772 praesertim,
862 2687 1071 2763 transeuntia,
1090 2709 1163 2750 cum
1177 2706 1266 2768 prae·

97 2793 310 2878 positionibus
333 2803 514 2858 constructa
535 2793 755 2870 inveniuntur,
773 2804 936 2877 praeterea
951 2793 1020 2856 sine
1034 2791 1266 2877 praepositione

98 2923 168 2964 eum
183 2899 321 2964 articulo
335 2899 386 2962 vel
402 2899 497 2962 etiam
513 2899 642 2964 omnino
658 2901 756 2964 nuda.

180 3005 351 3070 Formulae
366 3027 440 3070 eum
454 3005 758 3089 praepositionibus:
778 3005 925 3084 diminid,
942 3003 1108 3079 domimo,
1123 3001 1262 3078 diur'm'd‚

1 3163 2 3174 .
97 3115 201 3178 {ninid
215 3115 385 3194 (sursum),
400 3111 569 3195 dt'quairet,
585 3112 766 3197 dirquat'ret
776 3115 937 3192 (deorsum
946 3137 955 3188 ;
974 3111 996 3174 i.
1011 3133 1039 3174 e.
1054 3111 1094 3174 ad
1107 3121 1261 3186 montem,

1 3213 2 3216 ¹
96 3223 134 3284 ad
152 3221 271 3295 solum,
289 3217 326 3282 di
338 3249 382 3270 =
395 3241 427 3302 y,
446 3217 570 3284 hibern.
589 3219 642 3301 do)
659 3219 731 3282 Lib.
750 3220 852 3282 Land.
870 3218 913 3301 sq.
937 3218 1094 3304 yuynyd,
1111 3239 1133 3300 y
1148 3223 1265 3278 moeret

96 3329 183 3390 Mab.
204 3332 242 3402 2,
263 3331 336 3386 211.
356 3329 429 3386 246.
450 3329 522 3386 376.
562 3325 683 3388 Eodem
705 3325 799 3388 modo
819 3323 1015 3408 frequentius
1037 3332 1208 3386 oecurrunt
1229 3321 1263 3385 in

1 3437 2 3448 ’
96 3433 203 3497 Mab.:
229 3453 316 3517 yma,
333 3451 430 3514 ymon
447 3430 524 3512 (huc
547 3441 579 3494 et
594 3431 666 3506 bic;
684 3463 728 3484 -=
743 3433 782 3494 do
798 3452 882 3513 maq,
900 3453 1024 3514 moyen,
1042 3430 1075 3492 in
1092 3429 1208 3504 locum,
1227 3427 1262 3490 in

95 3537 179 3602 hunc
194 3539 314 3612 locum,
332 3548 365 3600 et
386 3536 420 3600 r'n
436 3557 520 3621 moy,
539 3537 574 3600 in
589 3537 683 3618 loeo),
700 3561 721 3622 y
736 3559 822 3600 maes
838 3537 933 3616 (foras
943 3561 952 3612 ;
971 3557 1120 3619 amayae,
1138 3533 1160 3596 i.
1179 3556 1207 3596 e.
1226 3533 1261 3596 in

95 3665 253 3728 eampum,
272 3643 312 3705 es.
330 3665 362 3726 p.
383 3646 435 3725 5),
452 3665 578 3727 ymywn
602 3643 651 3726 (in
671 3643 813 3707 medium
838 3653 870 3706 et
889 3641 924 3706 in
943 3642 1059 3717 medio,
1085 3641 1179 3716 intra,
1197 3641 1258 3722 in).

1 3791 2 3808 a
95 3747 126 3812 in
147 3758 255 3824 aava,
281 3769 321 3810 or
340 3757 429 3812 tratas
453 3752 577 3832 (porro,
602 3749 624 3812 i.
643 3771 670 3812 e.
690 3749 724 3812 in
746 3748 932 3831 directione)
949 3749 987 3810 L.
1006 3748 1109 3810 Laud.
1128 3747 1172 3829 sq.
1196 3769 1261 3830 φηγ

1 3837 2 3848 ¹
93 3855 182 3918 clam
209 3877 248 3918 ae
273 3878 337 3941 yny
363 3855 396 3918 ol
417 3859 506 3936 (ante
532 3867 564 3919 et
589 3867 678 3939 post;
708 3855 730 3918 i.
749 3877 777 3918 e.
801 3855 836 3918 in
862 3854 930 3936 ejus
957 3853 1060 3917 fronte
1083 3861 1115 3915 et
1136 3852 1171 3914 in
1192 3851 1260 3934 ejus

94 3964 194 4044 tergo)
216 3961 305 4024 Mab.
329 3967 365 4039 2,
385 3967 458 4024 378.
490 3984 534 4046 yn
561 3983 673 4045 ompea
700 3961 827 4040 (aliter,
856 3961 918 4024 alio
944 3961 1056 4034 m0d03
1089 3957 1261 4041 opponitur

92 4075 148 4149 ayt
169 4087 293 4149 amyra,
312 4089 378 4130 non
401 4067 511 4143 aliter,
529 4067 551 4128 i.
570 4089 598 4130 e.
623 4067 754 4144 scilicet,
772 4068 833 4150 sq.)
850 4067 938 4130 Mab.
959 4071 988 4142 3,
1009 4072 1082 4127 300.
1107 4085 1257 4148 peperere,

90 4172 227 4256 yrlalym
244 4173 392 4252 (dudum,
406 4172 474 4255 jam
495 4173 616 4234 dudum
626 4197 634 4248 ;
658 4173 681 4235 i.
700 4196 727 4236 e.
746 4173 820 4236 inde
836 4197 854 4236 a
869 4172 971 4256 spatio
989 4169 1151 4253 temporis)
1168 4171 1256 4232 Mab.

95 4282 123 4352 2,
139 4283 212 4340 229.
229 4285 259 4354 3,
277 4285 327 4339 14.
345 4277 403 4361 hyt
415 4300 483 4354 noa,
501 4277 558 4363 hyr
574 4279 641 4363 <lyd
654 4282 777 4359 (noctu,
795 4280 860 4360 die)
877 4279 964 4342 Mab.
981 4283 1010 4353 2,
1027 4283 1057 4338 6.
1084 4275 1257 4340 Peculiaris

1 4385 2 4408 ¹
92 4395 138 4444 est
159 4383 294 4448 sonnula
316 4384 418 4446 subst.
442 4393 492 4448 oet
514 4386 627 4467 (aetas)
650 4407 723 4448 eum
749 4383 936 4468 pronomine
960 4381 1136 4466 possessivo
1157 4381 1257 4458 infixo

1 4497 2 4524 ¹
91 4501 160 4570 post
180 4489 370 4572 particulam
392 4488 439 4552 εἰν
454 4493 510 4572 (=
524 4511 632 4574 praep.
651 4493 747 4573 ar?):
774 4493 845 4554 duw
864 4513 954 4575 oroyr
976 4513 1019 4554 aa
1041 4487 1145 4552 toaleis
1169 4487 1257 4552 t'eir-
