3082 5070
296 415 376 478 1138
788 413 958 482 annuunt.

295 579 404 651 veisus
420 585 612 650 columbani
629 587 674 669 (p.
694 588 782 668 929),
800 609 858 672 per
878 587 938 651 tria
952 588 1094 651 membra
1109 608 1220 650 versus
1235 587 1345 670 quinti
1361 588 1468 650 carmi·

295 694 346 758 nis
359 692 476 785 codicis
487 691 590 756 Neob.
603 693 650 776 (p.
661 697 750 776 933),
759 717 817 778 per
828 705 982 778 quaterna
992 695 1136 758 membra
1146 693 1180 756 in
1194 693 1338 777 strophis
1353 703 1469 776 tempo·

296 799 415 864 ralibus
429 796 654 881 Antiphonarii
666 799 900 863 Benchorcnsis
913 803 977 882 (ed.
993 803 1079 863 Mur.
1094 821 1128 882 p.
1140 803 1228 880 193),
1241 811 1296 862 ut:
1315 799 1470 862 altissime

296 904 419 968 lumina
427 902 556 967 nomine
565 902 705 978 domine,
717 905 843 970 tertiam
852 905 1056 969 clementiam
1063 915 1250 988 perpetuam
1259 905 1403 988 gratiam
1411 916 1467 968 etc.

383 1013 446 1074 Per
468 1021 583 1072 octona
603 1029 696 1091 porro
717 1012 858 1074 membra
879 1011 930 1074 vcl
952 1011 1049 1074 ctiam
1070 1013 1154 1074 dena
1175 1011 1371 1074 continuata
1390 1032 1469 1074 asso

296 1115 409 1180 nantia
423 1115 530 1178 finalis
545 1113 729 1177 dominatur
742 1115 777 1177 in
793 1115 929 1199 singulis
945 1117 1083 1200 strophis
1098 1115 1210 1200 hymni
1226 1116 1426 1200 alphabetici
1440 1116 1470 1178 in

298 1223 331 1286 S.
355 1221 550 1304 Comgillum
572 1222 717 1283 abbatem
740 1221 883 1304 ejusdcm
903 1223 1131 1306 Antiphonarii
1146 1225 1192 1306 (p.
1214 1226 1310 1304 199),
1336 1243 1470 1305 quarum

297 1329 453 1410 quaedam
480 1326 577 1390 etiam
604 1324 761 1390 initialem
781 1326 905 1390 literam
929 1349 1020 1391 suam
1043 1330 1139 1411 (quae
1162 1328 1296 1411 insuper
1319 1327 1353 1388 in
1377 1327 1470 1390 latere

297 1455 422 1517 quoque
434 1429 617 1513 adhibetur)
628 1429 660 1494 in
674 1430 766 1496 initio
777 1435 991 1496 membrorum
1004 1433 1206 1512 continuant,
1218 1456 1247 1496 e.
1258 1455 1308 1518 gr.
1322 1433 1470 1516 strophae

296 1541 324 1602 Α
340 1549 372 1601 ct
387 1539 435 1600 D:

463 1693 586 1776 (Audite
600 1702 705 1771 pantes
720 1703 750 1754 ta
766 1693 856 1771 argu*
873 1690 884 1778 Ι)
902 1692 993 1774 {allati
1010 1699 1046 1755 ad
1063 1693 1206 1778 'angelica

463 1795 615 1874 (Athletae
630 1797 687 1868 dei,
709 1794 820 1876 'abdita
837 1791 848 1880 ΙΙ
866 1795 895 1878 {a
905 1799 1061 1874 juventute
1077 1799 1189 1869 florida,

462 1895 465 1978 Ι
477 1903 574 1956 Aucta
589 1899 619 1955 in
634 1899 708 1974 legis
723 1900 840 1976 pagina,
862 1895 872 1982 Ι)
888 1887 963 1980 ialta
977 1902 1072 1958 sancti
1083 1921 1135 1976 per
1149 1900 1273 1968 viscera,

461 1997 554 2076 lApta
565 2003 632 2069 fide,
649 2001 777 2076 justitia,
798 1997 809 2082 l
828 1996 877 2070 lad
892 2001 939 2060 dei
954 2004 1042 2062 ducta
1056 2003 1172 2078 gaudia

462 2099 538 2180 §alti
556 2099 665 2180 {adlata
679 2103 793 2172 merita,
814 2097 825 2184 fl
843 2099 965 2184 {affatim
982 2103 1199 2160 concordantia.

461 2253 589 2335 lDoctus
604 2255 634 2312 in
652 2251 712 2334 idei
726 2255 849 2332 legibus,
870 2251 881 2338 ss
899 2256 1018 2336 ldivinis
1036 2253 1234 2330 ldictionibae,

461 2355 595 2438 lDitatus
611 2357 719 2414 sanctis
736 2357 839 2432 opibus
855 2351 864 2438 Ι)
883 2354 951 2437 ideo
966 2377 1080 2434 semper
1094 2358 1289 2433 placentibus,

459 2455 634 2536 lDedicatus
650 2460 681 2516 in
695 2459 832 2530 moribus,
854 2455 864 2542 ss
883 2455 942 2539 idei
959 2461 1125 2536 Stephanus
1140 2460 1231 2538 agius,

459 2562 606 2648 {Docebat
621 2562 662 2618 sic
679 2568 709 2618 et
724 2569 831 2620 ceteros
848 2557 858 2644 Ι)
877 2562 967 2637 ldicta
998 2563 1083 2620 docta
1099 2562 1244 2637 operibus.

380 2711 460 2792 Pag.
473 2713 547 2784 923,
562 2719 628 2771 not.
646 2716 672 2784 l,
687 2707 746 2772 lin.
760 2716 788 2770 3.
816 2711 908 2772 Duae
923 2709 1062 2792 syllabae
1073 2709 1296 2792 praevalentes
1308 2711 1345 2774 in
1359 2712 1468 2796 quovis

293 2817 435 2880 membro
457 2835 566 2880 versus
588 2813 706 2876 vetusti
722 2814 896 2898 gennanici
912 2825 990 2878 sunt
1004 2815 1143 2898 syllabae
1159 2815 1317 2880 radit-ales
1334 2818 1468 2882 duarum

293 2943 417 2998 vocum,
437 2941 573 3004 quarum
595 2919 696 3004 major
717 2932 766 2984 est
787 2921 948 3006 emphasis
969 2933 1002 2984 et
1017 2941 1152 3006 quarum
1167 2943 1234 2984 una
1249 2922 1371 2986 saltem
1387 2944 1466 2985 asso

291 3027 404 3092 nantia
426 3027 542 3092 initiali
568 3037 681 3092 ornata
703 3037 769 3104 cst,
788 3027 885 3110 juxta
904 3047 983 3109 quas
1003 3025 1143 3109 syllabae
1163 3026 1214 3088 vel
1234 3027 1396 3091 radieales
1419 3049 1468 3090 vo·

293 3154 367 3196 cum
388 3131 520 3196 minoris
543 3131 702 3216 emphasis
726 3131 886 3193 habentur
904 3131 975 3194 loco
996 3131 1190 3214 syllabarum
1205 3131 1344 3196 minoris
1360 3155 1466 3195 accen·

294 3251 356 3301 tus.
390 3239 442 3301 Ita
457 3237 488 3300 in
506 3239 635 3302 exordio
650 3235 799 3300 carminis
816 3237 954 3299 scandici
970 3235 1116 3321 inscripti
1138 3237 1304 3320 totnapa:

546 3373 679 3456 iliacas
695 3375 755 3434 tica
771 3379 802 3434 a
818 3379 895 3436 azar
910 3373 920 3460 p
939 3375 1054 3457 pum
1068 3377 1165 3436 kasa
1236 3371 1243 3380 .

545 3477 643 3560 lmdiri
656 3481 691 3536 ok
708 3475 814 3559 lanciani
828 3474 839 3562 ss
857 3477 969 3562 (andepo
983 3479 1170 3538 Heimddlhr

293 3631 384 3674 voces
407 3609 473 3674 bita
488 3611 527 3674 ek
547 3621 692 3694 expertes
715 3617 797 3676 sunt*
811 3613 943 3676 omnino
958 3621 1108 3676 accentus
1123 3609 1264 3692 majoris.
1300 3609 1341 3672 ln
1358 3608 1466 3672 carmi·

292 3715 342 3780 nis
358 3715 598 3800 anglosaxonici
613 3717 653 3780 de
667 3717 756 3780 runis
772 3717 929 3782 versibus:

543 3835 614 3940 lI'nq
630 3881 683 3932 aaa
700 3858 798 3940 μένεα
812 3857 823 3944 ΙΙ
839 3861 903 3919 mid
918 3858 1109 3940 lEdetddnam

539 3958 664 4043 palatum
681 3959 807 4042 [stapam
824 3957 834 4044 Ι)
852 3965 907 4022 oda
922 3965 957 4021 lae
973 3959 1129 4038 laidltdtlan
1143 3967 1204 4019 edet

542 4067 604 4141 oser
621 4061 698 4144 Ιυάιμ
711 4059 831 4146 pelicatu
850 4061 929 4146 leedan
944 4069 1026 4146 nster
1039 4071 1094 4124 rdn

358 4271 370 4296 ⁰
388 4270 413 4323 I.
428 4289 452 4324 e.
468 4268 572 4332 πάντες
593 4269 625 4324 cci
645 4274 721 4346 ἔργα.
747 4273 889 4343 Ejusmodi
908 4273 1016 4329 initium
1036 4275 1169 4330 ueletiam
1182 4275 1278 4346 hymni
1291 4277 1320 4330 in
1335 4277 1364 4332 S.
1381 4275 1463 4344 Brigi-

288 4363 344 4410 tam
357 4364 385 4409 et
397 4357 426 4410 S.
440 4357 590 4411 Patricium
602 4358 630 4410 in
644 4359 736 4410 codice
748 4358 888 4412 hibernico
900 4359 1049 4414 Basileensi
1062 4361 1109 4430 (ol.
1125 4361 1229 4416 Keller.
1244 4377 1272 4432 p.
1288 4363 1352 4432 96)ι

605 4461 669 4511 {Alta
681 4461 766 4511 {andita
777 4469 799 4504 tu
813 4467 951 4516 ¹ergealltoto
962 4465 1026 4513 loebe
1036 4467 1140 4508 mimum

607 4535 716 4586 pltris-ltu
729 4539 733 4581 Ι
743 4535 878 4576 meu-imae
888 4541 930 4578 cto.
