3004 5066
271 314 353 376 1020
396 331 581 378 serranus.
614 333 780 380 erumnas
796 333 922 379 cornera
939 333 1119 378 ursnanrcr
1134 333 1305 378 rmscrsm
1321 335 1367 378 sc.

268 483 412 560 Davus,⁷
428 477 602 566 Αιςίιιιε,8
616 479 733 566 pavo,⁹
747 505 855 560 ovum,
866 480 892 518 ¹⁰
907 484 985 560 ovis,
999 483 1100 547 bovis.
1130 485 1203 547 Hoc
1220 495 1329 547 tamen
1343 483 1425 546 etiam

268 589 422 674 petaliae
444 590 599 673 quasdam
621 600 831 654 consonantes
853 589 960 652 hiatus
983 590 1034 652 vel
1055 589 1234 673 euphoniae
1251 611 1347 652 eausa
1360 589 1428 652 solet

268 695 349 771 fieri,
360 693 384 729 ¹¹
401 705 439 757 ut
453 695 592 778 prodest,
611 696 773 770 comburo,
787 695 900 770 sicubi,
915 694 1070 770 nuncubi,
1085 695 1170 776 quod
1183 695 1300 757 Graeci
1315 713 1428 776 quoque

270 801 373 863 solent
393 799 512 862 facere:
537 795 664 885 μηκέτι,
682 792 802 864 οὐκέτι.
836 801 900 864 Sed
921 810 1026 862 tamen
1050 799 1110 862 hoc
1132 801 1428 872 attendendumest,

270 906 356 988 quod
377 905 556 987 praevaluit
576 904 611 967 in
632 905 692 968 hac
712 905 814 982 litera,
833 905 864 968 id
890 917 949 983 est,
967 905 1002 967 in
1024 927 1046 968 u
1061 905 1131 968 loco
1146 904 1311 986 digamma
1326 903 1429 986 posita,

270 1019 410 1092 potestas
437 1009 590 1095 simplicis
612 1011 817 1074 consonantis
838 1013 925 1095 apud
945 1010 1089 1074 omnium
1111 1013 1278 1094 poetarum
1300 1007 1431 1072 doctissi-

269 1135 350 1178 mos.
383 1117 425 1178 In
446 1116 468 1177 b
489 1115 587 1178 etiam
608 1116 689 1178 solet
710 1117 796 1198 apud
810 1117 925 1180 Aeoles
948 1116 1083 1180 manure
1101 1115 1275 1198 digamma,
1294 1113 1432 1197 quotiens

270 1220 311 1282 ab
332 1243 350 1304 ρ
372 1219 486 1304 incipit
507 1220 615 1296 dictio,
633 1241 714 1303 quae
735 1221 815 1283 solet
834 1219 978 1304 aspirari,
996 1229 1034 1282 ut
1049 1215 1155 1306 ῥήτωρ
1169 1215 1302 1306 βρήτωρ
1319 1221 1430 1294 dicum,

271 1325 356 1408 quod
377 1324 539 1408 digamma
559 1325 622 1388 nisi
645 1326 746 1388 vocali
766 1325 920 1410 praeponi
942 1337 975 1388 et
993 1323 1028 1388 in
1047 1326 1204 1410 principio
1218 1326 1364 1409 syllabae
1378 1345 1432 1386 non

271 1441 386 1514 potest.
419 1431 497 1494 Ideo
518 1441 625 1494 autem
647 1430 753 1494 locum
774 1451 900 1514 quoque
923 1431 1159 1508 transmutavit,
1184 1431 1305 1514 quiab
1328 1431 1377 1494 rel
1394 1429 1432 1492 di

271 1557 398 1620 gamma
420 1546 530 1622 postp
553 1535 588 1597 in
610 1537 721 1598 eadem
744 1536 865 1619 syllaba
886 1536 1087 1620 pronuntiari
1107 1558 1173 1601 non
1195 1547 1317 1620 potest.
1351 1535 1433 1619 Apud

272 1663 330 1705 nos
346 1663 471 1724 quoque
487 1651 535 1704 est
549 1641 703 1717 invenire,
719 1643 803 1724 quod
818 1663 876 1726 pro
891 1663 914 1705 u
926 1654 1122 1706 consonante
1133 1645 1155 1706 b
1165 1644 1312 1726 ponitur,
1328 1653 1432 1704 utcoe·

273 1746 372 1824 lebs,¹
389 1748 572 1812 coelestium
588 1747 687 1812 vitam
702 1749 833 1824 ducens,
848 1769 904 1831 per
918 1749 940 1812 b
955 1748 1114 1826 scribitur,
1128 1750 1214 1831 quod
1229 1770 1251 1810 u
1263 1769 1433 1811 consonans

273 1865 347 1917 ante
369 1864 597 1917 consonantem
612 1853 689 1936 poni
703 1875 768 1916 non
783 1865 899 1937 potest.
932 1853 995 1918 Sed
1012 1849 1129 1918 etiam²
1144 1848 1290 1936 Bmges⁸
1307 1865 1342 1916 et
1355 1851 1432 1916 Bele

273 1957 370 2022 nam*
390 1957 604 2042 antiquissimi
626 1957 786 2036 dicebant,
813 1969 892 2023 teste
914 1959 1127 2035 Quintiliano,
1145 1959 1201 2042 qui
1220 1959 1282 2022 hoc
1305 1957 1434 2022 ostendit

273 2064 307 2126 in
329 2064 431 2148 primo
446 2061 713 2134 Institutionum⁸
730 2064 811 2127 libro
826 2061 1070 2128 oratoriarum.⁸
1100 2063 1169 2128 Nec
1184 2064 1318 2142 mirum,
1337 2063 1434 2128 cumb

274 2191 399 2252 quoque
426 2170 460 2234 in
488 2193 511 2232 u
533 2167 712 2251 euphoniae
741 2189 836 2232 causa
865 2169 1007 2235 converti
1028 2170 1229 2247 invenimus,
1254 2181 1295 2233 ut
1318 2165 1433 2234 aufero'

273 2297 330 2358 pro
345 2275 462 2338 abfero.

358 2383 438 2464 Cap.
456 2383 498 2446 V.
530 2380 692 2465 Aspiratio
707 2391 782 2445 ante
796 2383 918 2446 vocales
934 2403 1043 2445 omnes
1058 2381 1137 2465 poni
1151 2391 1268 2463 potest,
1283 2392 1360 2464 post
1370 2399 1433 2442 con·

273 2499 423 2550 sonantes
442 2497 549 2554 autem
564 2497 700 2571 quatuor
716 2489 936 2552 tantummodo
950 2509 1037 2551 more
1052 2485 1185 2570 antiquo
1200 2487 1434 2561 Graecorum,c

274 2605 366 2676 tpr,
383 2604 421 2657 ut
441 2593 553 2670 habeo,
577 2593 774 2670 Herennius,
797 2594 901 2670 heros,
920 2593 1032 2670 hiems,
1050 2593 1157 2670 homo,
1175 2591 1309 2670 humus,
1329 2592 1431 2676 Hylas,

223 2725 227 2736 ·
274 2699 437 2774 Chremes,
454 2700 589 2776 Thraso,
608 2699 790 2783 Philippus,
812 2699 965 2783 Pyrrhus.
998 2700 1076 2762 Ideo
1099 2709 1210 2790 autem
1225 2689 1436 2761 extrinsecus⁸

274 2803 441 2867 ascribitur
457 2805 630 2882 vocalibus,
650 2815 686 2867 ut
700 2805 871 2867 minimum
886 2817 988 2881 sonet,
1006 2803 1258 2868 consonantibus
1273 2813 1382 2867 autem
1395 2802 1434 2864 in·

275 2910 430 2972 trinsecus
440 2906 472 2985 ,⁰
494 2921 531 2972 ut
547 2909 734 2992 plurimum.
767 2909 882 2973 Omnis
897 2909 982 2973 enim
997 2909 1089 2974 litera
1105 2909 1169 2973 sire
1184 2931 1248 2972 vox
1263 2909 1339 2992 plus
1354 2917 1435 2970 sonat

274 3015 344 3098 ipsa
366 3035 444 3090 sese,
462 3035 536 3078 cum
556 3015 769 3098 postponitur,
788 3037 884 3098 quam
903 3037 977 3078 eum
992 3013 1209 3097 anteponitur,
1227 3016 1316 3098 quod
1331 3011 1435 3076 vocali·

274 3121 334 3183 bus
354 3119 499 3184 accidens
522 3143 590 3186 esse
612 3121 739 3186 videtur
746 3145 755 3196 ;
767 3117 793 3156 ¹⁰
815 3142 885 3196 nec,
909 3120 936 3184 si
959 3120 1088 3183 tollatur
1109 3141 1157 3196 ea,
1174 3119 1260 3204 perit
1279 3120 1376 3184 etiam
1395 3117 1435 3179 ris

275 3224 528 3308 significationis,
546 3237 584 3291 ut
599 3228 625 3290 si
640 3227 756 3304 dicam,
771 3223 963 3290 Erennius¹¹
981 3227 1100 3309 absque
1114 3226 1321 3310 aspiratione,
1334 3243 1435 3308 quam·

274 3330 322 3394 vis
344 3329 458 3394 vinum
472 3331 580 3396 videar
594 3333 706 3411 facere,
719 3328 746 3368 ²²
760 3331 942 3396 intellectus
958 3341 1065 3395 tamen
1080 3345 1258 3416 permanet.
1271 3328 1299 3368 ¹⁸
1326 3333 1435 3395 Conso

280 3523 345 3531 .,-.
356 3522 416 3528 -ι-
443 3521 486 3529 --α

345 3639 450 3695 raam
530 3641 679 3711 spretam
758 3641 956 3710 sonutam
1039 3643 1126 3709 1009
1204 3633 1437 3708 nar-'mut

275 3725 439 3780 mactito

345 3811 393 3882 (θ’)
418 3815 442 3880 Ι1
459 3811 573 3864 omum
588 3811 626 3882 (in
636 3811 734 3882 marg.)
749 3811 818 3865 coele.
829 3811 909 3864 doadi
920 3811 1076 3864 ascensam
1091 3810 1117 3862 ,ὃ
1131 3809 1232 3863 terimi
1245 3827 1282 3862 .ιι.
1293 3807 1366 3861 dinda'
1374 3803 1437 3860 osai·

277 3895 590 3949 mmada’ndtasducens
633 3897 709 3950 leid
750 3893 1436 3965 ³atpou1.s⁴atproasmmug.)soeu

269 3981 368 4050 supas
381 3984 395 4032 'r'
400 3981 496 4049 selena
530 3985 545 4033 5
564 3979 629 4034 inno
633 3981 756 4051 forestal
789 3983 804 4034 6
818 3981 886 4033 inno
898 3977 1014 4032 culleis-e
1028 3983 1042 4030 7
1056 3977 1164 4032 armlirn

343 4067 359 4116 8
371 4065 455 4118 rantib
464 4068 512 4120 son
541 4069 557 4118 9
569 4065 828 4121 hibbrmdrachtadn
840 4062 1020 4134 dolothmud
1026 4063 1135 4134 asopus
1168 4066 1199 4116 10
1212 4061 1308 4116 accidit
1316 4057 1436 4126 miti!

275 4149 399 4218 deputari
411 4150 500 4204 cateth
514 4151 552 4221 (m
564 4153 662 4222 marg.)
677 4149 756 4205 tati
766 4149 915 4220 brebputh.
929 4148 1026 4218 mue.
1040 4147 1146 4217 anatot
1155 4146 1308 4217 ἀωοηιῲαὶ
1318 4149 1330 4197 1
1344 4159 1434 4198 nm

277 4229 378 4304 indsop.
392 4235 463 4290 meti·
476 4237 514 4290 tt,
527 4235 651 4306 uinyutti

346 4322 374 4370 ll
394 4319 533 4388 waram
545 4321 621 4376 imon
634 4324 649 4374 ’1
662 4317 893 4390 osolodiaeltotbip
932 4321 961 4372 n
982 4317 1241 4388 tredtpbdiltiasetk
1278 4321 1306 4370 ts
1322 4311 1437 4380 notus

277 4404 369 4470 qfolnd
379 4407 468 4459 edittae
