2978 5054
231 417 289 482 VI.
309 421 339 480 2.
372 439 596 484 cousrnucrro
613 440 750 486 scurror
767 441 965 489 uirorumue.
1120 426 1179 488 941

48 581 152 666 “Populi
162 591 313 650 Hiberniae
327 593 549 669 praesagiebant
564 597 642 670 quod
657 603 796 653 venturus
812 605 891 654 esset
906 597 968 656 dies
981 599 1062 674 pacis
1075 617 1179 670 nortus,

51 700 162 764 moueret,
179 695 265 752 donec
279 697 393 752 veniret
407 696 565 755 destructio
580 705 610 755 et
624 705 703 756 esset
716 705 798 756 veste
813 705 889 757 terro
904 687 1089 760 remoriaef’

152 841 157 920 Ι
171 845 279 904 immeo
295 848 417 924 dordogne
433 849 506 907 itbe'u
522 843 533 930 Ι
551 851 600 907 bid
617 851 622 927 Ι
643 849 748 908 luirecll
764 849 854 907 dodim
870 851 996 908 doehdch

151 944 155 1030 Ι
170 949 268 1007 immet
282 945 408 1031 illlathiu
422 973 498 1010 mem
513 947 524 1034 ΙΙ
540 953 685 1029 regaitfir
699 952 806 1009 hirenei
818 951 950 1010 dobidth.
961 949 978 983 ⁴*

46 1055 159 1124 “Circum
173 1087 223 1126 nos
239 1069 342 1127 electio
357 1077 409 1128 tuo
423 1071 454 1128 in
468 1072 529 1129 vite
542 1078 593 1129 tue
609 1071 663 1129 crit
677 1071 766 1128 lorice
780 1071 969 1146 protectionis
985 1072 1086 1143 cuivis,

48 1169 131 1227 circum
143 1177 170 1228 te
184 1171 229 1228 die
239 1173 346 1246 judicii
360 1174 478 1232 venient
492 1175 547 1232 viri
562 1174 722 1232 Hiberniae
733 1161 920 1248 judicandi.”

114 1322 178 1380 Uair
191 1325 299 1382 domith
317 1326 345 1382 lo
364 1324 369 1401 Ι
389 1325 497 1384 bicorne
512 1321 523 1408 ΙΙ
540 1327 656 1402 inyricn
664 1325 717 1404 fri
734 1325 739 1402 Ι
759 1325 808 1383 ide
824 1325 893 1383 inno
909 1326 992 1382 cloen

109 1425 179 1483 doru
194 1427 338 1486 tirebrcele
355 1427 389 1486 ba
409 1427 414 1504 Ι
433 1427 527 1486 lenisse
542 1423 553 1510 Ι
569 1429 652 1486 soe'lee
657 1427 710 1506 fri
741 1429 747 1506 Ι
767 1426 867 1484 bctsoet
879 1447 918 1485 na
931 1428 1018 1485 noch.
1029 1424 1061 1460 *⁴*

41 1529 191 1607 “Quondam
206 1547 339 1604 consedit
354 1567 421 1604 curn
435 1550 526 1606 Josue
542 1548 586 1605 sol
601 1555 827 1624 supermontem
841 1567 1004 1623 pravorum,

43 1647 148 1719 quemvis
163 1649 337 1707 conueniens
352 1649 418 1720 hoc,
437 1649 494 1706 fuit
504 1649 588 1724 juste
602 1651 654 1709 lux
669 1670 757 1728 super
771 1651 949 1726 baptismum
965 1635 1164 1707 sanctorum.”

106 1815 280 1900 Bisyllabae
295 1817 445 1882 dimidiae
461 1819 607 1904 exempla
621 1819 696 1882 dist.
716 1827 746 1882 6.
765 1825 804 1881 28
817 1841 824 1882 :

141 1961 178 2020 Iu
196 1963 201 2038 Ι
221 1962 297 2020 incid
312 1982 395 2020 mara
410 1963 531 2021 toirrian
547 1957 558 2046 ΙΙ
582 1961 587 2049 Ι
604 1963 679 2021 cino
694 1963 774 2022 inde‘b
790 1963 901 2020 odrime

141 2058 147 2145 Ι
163 2065 251 2142 liguis
268 2065 370 2123 condiet
387 2066 415 2122 lo
428 2085 548 2142 qemun
564 2061 574 2148 Ι
592 2066 652 2124 ised
664 2067 794 2142 aciJiadct
811 2063 816 2140 Ι
837 2066 906 2122 line.
917 2061 966 2095 ”⁴¹

34 2165 80 2236 “u
91 2181 186 2241 num
200 2185 291 2242 marn
306 2183 435 2258 tyrrheni
450 2185 569 2259 quievit,
588 2186 630 2243 ibi
644 2185 810 2254 meditatur,

36 2278 91 2356 legit
103 2303 222 2344 oenones
239 2288 320 2363 apud
336 2287 524 2358 Germanum,
543 2288 599 2346 hoc
614 2288 745 2346 referunt
758 2273 893 2345 literoe.”

34 2481 169 2546 psrdculum
181 2505 253 2551 octos,
269 2503 339 2556 quse
351 2485 380 2538 in
393 2484 531 2538 codicibus
543 2485 613 2556 sigla
624 2503 674 2539 sue
686 2485 785 2556 scripto
797 2483 874 2538 locile
885 2484 989 2554 negligi
1001 2485 1119 2555 potuita
1132 2484 1181 2537 lib-

33 2565 102 2620 retiis.
120 2571 202 2637 ternir,
226 2569 332 2636 temair,
353 2587 416 2640 geu.
441 2571 565 2635 meraco,
586 2577 618 2624 ut
636 2570 754 2635 nadair,
775 2571 915 2634 bethroob,
930 2577 972 2624 est
990 2586 1088 2622 nomen
1107 2569 1182 2622 urbis
1240 2629 1245 2640 .

33 2651 146 2716 quondam
157 2656 289 2728 principis
302 2655 460 2711 Hiberniae.

85 2737 179 2794 'Sunt
196 2743 282 2796 rerba
299 2741 390 2812 angeli
407 2760 422 2794 c
440 2740 510 2794 rubo
528 2741 557 2795 S.
576 2741 694 2796 Patricio
711 2751 825 2796 mortem
843 2740 1041 2796 annuntiantis.
1062 2739 1179 2804 Immon,

32 2817 113 2876 circum
124 2841 180 2890 nos,
196 2827 215 2880 i.
230 2845 256 2881 e.
272 2827 420 2881 Hibernos.
434 2845 524 2896 rocyo,
538 2826 635 2880 electio
643 2849 651 2892 ς
666 2827 701 2880 ei.
715 2836 799 2899 praet.
811 2829 885 2882 verb.
896 2826 1015 2898 ἀοτόὶμιι,
1027 2823 1182 2894 doroiyotor

32 2902 116 2976 (elegit,
133 2911 285 2982 elegerunt,
300 2931 327 2983 p.
341 2913 414 2983 4³9).
435 2912 512 2977 itbe'u,
527 2912 556 2966 in
568 2913 625 2968 vite
640 2921 697 2980 tuo,
712 2914 777 2968 dum
796 2915 919 2978 vivebam
942 2913 994 2977 tiu,
1015 2911 1079 2975 vita,
1093 2910 1181 2963 forme

31 2989 104 3046 ninus
119 2997 218 3052 usitata
237 3015 273 3052 ex
292 2997 347 3068 adj.
361 2997 449 3050 forma
467 2997 520 3062 bio,
535 3004 567 3052 ut
585 2998 679 3052 beotlm
695 3000 738 3052 uel
757 2999 844 3069 megis
861 2999 962 3053 usitate
974 2997 1053 3050 bettio
1065 3013 1079 3049 e
1093 2995 1179 3060 beode,

30 3072 102 3131 toste
112 3081 148 3151 (p.
161 3087 205 3136 42.
220 3083 297 3154 272).
317 3081 400 3136 dodim
417 3081 526 3136 videtur
542 3101 606 3152 gen.
620 3085 706 3138 subst.
720 3084 816 3150 didam,
830 3085 894 3138 hod.
908 3083 1040 3145 diodhma,
1056 3079 1181 3134 fortifice-

28 3157 67 3224 ΕΟ,
78 3169 212 3234 protectio,
222 3168 299 3222 unde
310 3167 458 3222 rhdidmech
472 3168 520 3238 (gl.
534 3169 695 3241 intensirus)
710 3170 757 3240 Sg.
772 3159 845 3224 214⁸.
859 3188 923 3236 ma,
939 3167 1026 3232 ὁπόθι,
1033 3165 1178 3236 judicium.

28 3248 105 3314 feodi,
117 3253 238 3320 venient,
253 3253 354 3308 rectius
371 3253 484 3308 fortasse
503 3253 597 3322 defen
617 3255 718 3325 legitur
735 3262 826 3310 nmen
838 3255 919 3310 etiem
933 3255 1003 3324 sing.
1019 3250 1120 3320 ὀονὶρα,
1135 3251 1181 3304 sd-

28 3332 101 3388 reuiet
113 3337 149 3407 (p.
162 3341 239 3410 495).

70 3418 93 3446 “
108 3420 267 3478 Secundum
285 3423 344 3494 pias
360 3423 547 3479 Hibernorum
566 3426 734 3480 narrationes
751 3425 792 3480 sol
810 3433 872 3496 post
887 3431 1002 3478 mortem
1021 3421 1050 3476 S.
1070 3421 1182 3476 Potricii

26 3513 66 3567 per
74 3510 154 3561 totum
166 3527 272 3563 cunum
284 3509 364 3574 luxit,
379 3528 435 3564 non
447 3510 631 3565 intercedente
643 3517 732 3565 nocte.
759 3511 821 3564 Hoc
833 3509 916 3563 refert
927 3513 1008 3579 poete
1020 3509 1048 3561 in
1061 3507 1125 3561 dist.
1137 3510 1180 3572 28,

25 3585 112 3645 fidens
127 3593 182 3660 bic,
196 3595 222 3648 si
236 3595 344 3665 justum
359 3588 456 3649 suisset
471 3596 556 3650 solem
574 3596 678 3650 diutius
690 3597 780 3650 lucere
791 3595 808 3649 J
810 3611 877 3648 osus
888 3595 957 3648 duce
970 3611 1051 3664 super
1062 3599 1180 3662 stragem

24 3669 218 3734 Qminrum
237 3680 392 3750 impiorum,
403 3681 506 3751 justius
524 3682 608 3736 luisse
627 3699 689 3735 oum
701 3681 791 3734 lucere
803 3697 884 3751 super
897 3680 1061 3751 baptismum
1073 3679 1179 3749 piorum

24 3753 194 3819 fflbemorum
206 3785 225 3819 c
237 3766 266 3820 S.
280 3767 398 3820 Patricio
410 3767 445 3820 ed
457 3766 538 3820 fidem
551 3767 723 3822 christianam
736 3783 937 3820 conversorum.
962 3765 1039 3829 Uair,
1053 3766 1122 3818 hors
1133 3765 1181 3818 eli-

23 3857 73 3911 qm,
86 3851 235 3918 quondum,
254 3851 325 3923 plur.
340 3851 463 3916 dearsit,
476 3852 560 3917 horis,
574 3853 593 3906 i.
608 3871 632 3906 e.
646 3852 783 3906 interdum
796 3851 834 3922 (p.
848 3849 921 3921 564).
941 3849 1052 3914 mitt,
1067 3867 1116 3919 pro
1135 3850 1182 3902 ad-

22 3927 78 3994 ”lh
91 3934 208 3990 adsedit.
224 3937 306 4002 οὑτω,
326 3937 448 4008 quemvis
466 3944 508 3990 est
521 3937 558 4008 (p.
573 3939 644 4009 ⁶73).
660 3938 788 4002 trebrceh,
799 3937 961 4007 prudentiss
979 3933 1183 3996 conveniensis

20 4014 94 4070 ubet.
108 4021 236 4087 ινεόαίνο,
251 4022 403 4094 prudentie,
419 4028 479 4075 orto
492 4039 526 4075 ex
538 4023 592 4093 adj.
608 4023 698 4087 trebir,
713 4022 832 4094 prudens
846 4021 930 4094 (unde
942 4018 1045 4074 Treviri
1057 4034 1106 4086 pro
1118 4017 1182 4070 'lbe-

21 4094 71 4163 biri
85 4112 116 4157 ut
127 4106 214 4160 Suevi
233 4125 282 4178 pro
295 4107 378 4162 Suebi
385 4107 418 4178 i).
442 4105 474 4158 bo
487 4105 582 4171 iubeo,
597 4108 650 4161 fuit
658 4109 742 4178 justa,
757 4108 814 4172 lux,
829 4107 847 4159 i.
863 4123 887 4158 e.
900 4105 987 4174 magis
1001 4102 1180 4164 conveniens;
1295 4147 1302 4158 .

19 4179 120 4242 form
131 4192 336 4246 restituendum
348 4192 431 4246 mou
444 4193 482 4263 (p.
497 4191 569 4262 283).
585 4191 687 4257 lenset,
702 4193 861 4263 baptismus,
876 4208 893 4243 o
904 4191 979 4244 verb.
995 4187 1110 4242 tarnim.

52 4272 89 4301 ”⁴
106 4276 150 4328 De
164 4275 338 4346 juvenilibus
352 4277 381 4330 S.
394 4277 506 4330 Patricii
518 4275 596 4330 annis
608 4277 690 4330 refert
701 4281 783 4348 poete
794 4277 822 4330 in
835 4274 928 4346 primis
940 4273 1034 4346 hymni
1047 4273 1179 4336 distichis,

17 4358 116 4424 quodsi
130 4362 276 4432 cognitum
289 4367 355 4416 eret.
379 4362 460 4416 Muri·
474 4361 595 4428 wirrico,
609 4381 683 4417 mure
694 4363 852 4434 tyrrhenum
864 4359 938 4412 houd
950 4357 1041 4422 dubie,
1056 4375 1118 4412 cum
1130 4365 1183 4412 ter·

16 4441 156 4499 cinctione
168 4447 240 4510 uim,
254 4454 286 4500 ut
304 4445 365 4500 roim
377 4473 412 4492 π
424 4447 548 4502 Rhenus.
562 4449 672 4513 odrime,
687 4449 795 4520 proprie
813 4453 946 4510 numeret,
960 4451 1107 4516 computet,
1123 4444 1142 4498 i.
1156 4462 1180 4498 e.

17 4527 163 4597 meditetur,
180 4531 293 4586 studet?
314 4533 375 4598 line,
390 4533 486 4597 lineae,
502 4533 573 4588 idem
586 4535 659 4604 quod
671 4535 698 4588 in
713 4534 776 4588 dist.
792 4537 823 4588 29
838 4533 918 4596 liene,
933 4532 952 4585 i.
966 4549 990 4585 c.
1005 4529 1076 4584 libri.
