<?xml version="1.0" encoding="UTF-8"?>
<!DOCTYPE html PUBLIC "-//W3C//DTD XHTML 1.0 Transitional//EN"
    "http://www.w3.org/TR/xhtml1/DTD/xhtml1-transitional.dtd">
<html xmlns="http://www.w3.org/1999/xhtml" xml:lang="en" lang="en">
 <head>
  <title>
</title>
<meta http-equiv="Content-Type" content="text/html;charset=utf-8" />
  <meta name='ocr-system' content='tesseract 3.04.00' />
  <meta name='ocr-capabilities' content='ocr_page ocr_carea ocr_par ocr_line ocrx_word'/>
</head>
<body>
  <div class='ocr_page' id='page_1' title='image "./grammaticacelti01zeusgoog_0359.png"; bbox 0 0 2978 5054; ppageno 0'>
   <div class='ocr_carea' id='block_1_1' title="bbox 262 357 1182 422">
    <p class='ocr_par' dir='ltr' id='par_1_1' title="bbox 262 357 1182 422">
     <span class='ocr_line' id='line_1_1' title="bbox 262 357 1182 422; baseline 0.002 -4"><span class='ocrx_word' id='word_1_1' title='bbox 262 357 320 418; x_wconf 86' lang='lat' dir='ltr'>vl.</span> <span class='ocrx_word' id='word_1_2' title='bbox 341 362 371 420; x_wconf 87' lang='lat'>2.</span> <span class='ocrx_word' id='word_1_3' title='bbox 404 377 628 422; x_wconf 68' lang='lat' dir='ltr'>consenucno</span> <span class='ocrx_word' id='word_1_4' title='bbox 643 377 780 421; x_wconf 70' lang='lat' dir='ltr'>roseros</span> <span class='ocrx_word' id='word_1_5' title='bbox 797 377 943 420; x_wconf 71' lang='lat' dir='ltr'>canoros.</span> <span class='ocrx_word' id='word_1_6' title='bbox 1125 359 1182 420; x_wconf 82' lang='lat' dir='ltr'>llll</span> 
     </span>
    </p>
   </div>
   <div class='ocr_carea' id='block_1_2' title="bbox 30 527 1235 3998">
    <p class='ocr_par' dir='ltr' id='par_1_2' title="bbox 45 527 1188 1349">
     <span class='ocr_line' id='line_1_2' title="bbox 50 527 1188 612; baseline 0.004 -24"><span class='ocrx_word' id='word_1_7' title='bbox 50 538 117 588; x_wconf 86' lang='lat' dir='ltr'>certo</span> <span class='ocrx_word' id='word_1_8' title='bbox 129 545 252 590; x_wconf 85' lang='lat' dir='ltr'>numero</span> <span class='ocrx_word' id='word_1_9' title='bbox 266 535 297 590; x_wconf 87' lang='lat' dir='ltr'>et</span> <span class='ocrx_word' id='word_1_10' title='bbox 312 527 422 590; x_wconf 88' lang='lat' dir='ltr'>ordine</span> <span class='ocrx_word' id='word_1_11' title='bbox 438 527 630 611; x_wconf 81' lang='lat' dir='ltr'>syllabarum</span> <span class='ocrx_word' id='word_1_12' title='bbox 651 528 819 612; x_wconf 88' lang='lat' dir='ltr'>longarum</span> <span class='ocrx_word' id='word_1_13' title='bbox 842 527 894 590; x_wconf 83' lang='lat' dir='ltr'>vel</span> <span class='ocrx_word' id='word_1_14' title='bbox 916 528 1071 606; x_wconf 77' lang='lat' dir='ltr'>brevium,</span> <span class='ocrx_word' id='word_1_15' title='bbox 1093 549 1188 612; x_wconf 89' lang='lat' dir='ltr'>quem</span> 
     </span>
     <span class='ocr_line' id='line_1_3' title="bbox 50 629 1187 717; baseline 0.005 -25"><span class='ocrx_word' id='word_1_16' title='bbox 50 630 172 694; x_wconf 74' lang='lat' dir='ltr'>diseunt</span> <span class='ocrx_word' id='word_1_17' title='bbox 187 643 333 709; x_wconf 87' lang='lat' dir='ltr'>metrum,</span> <span class='ocrx_word' id='word_1_18' title='bbox 350 629 479 717; x_wconf 79' lang='grc' dir='ltr'><em>μέτρον,</em></span> <span class='ocrx_word' id='word_1_19' title='bbox 496 634 612 698; x_wconf 84' lang='lat' dir='ltr'>Graeci</span> <span class='ocrx_word' id='word_1_20' title='bbox 627 646 660 698; x_wconf 87' lang='lat' dir='ltr'>et</span> <span class='ocrx_word' id='word_1_21' title='bbox 675 634 794 698; x_wconf 86' lang='lat' dir='ltr'>Latini.</span> <span class='ocrx_word' id='word_1_22' title='bbox 821 635 941 698; x_wconf 82' lang='lat' dir='ltr'><strong>Contra</strong></span> <span class='ocrx_word' id='word_1_23' title='bbox 956 635 1102 698; x_wconf 89' lang='lat' dir='ltr'>nationes</span> <span class='ocrx_word' id='word_1_24' title='bbox 1118 655 1187 717; x_wconf 89' lang='lat' dir='ltr'>sep·</span> 
     </span>
     <span class='ocr_line' id='line_1_4' title="bbox 49 737 1187 824; baseline 0.004 -26"><span class='ocrx_word' id='word_1_25' title='bbox 49 737 223 800; x_wconf 87' lang='lat' dir='ltr'>tentrionales</span> <span class='ocrx_word' id='word_1_26' title='bbox 235 739 392 822; x_wconf 82' lang='lat' dir='ltr'><strong>Europae,</strong></span> <span class='ocrx_word' id='word_1_27' title='bbox 408 759 487 820; x_wconf 91' lang='lat' dir='ltr'>quae</span> <span class='ocrx_word' id='word_1_28' title='bbox 502 740 665 821; x_wconf 81' lang='lat' dir='ltr'>pertinent</span> <span class='ocrx_word' id='word_1_29' title='bbox 679 742 719 804; x_wconf 86' lang='lat' dir='ltr'>ad</span> <span class='ocrx_word' id='word_1_30' title='bbox 735 739 889 802; x_wconf 87' lang='lat' dir='ltr'>familiam</span> <span class='ocrx_word' id='word_1_31' title='bbox 902 739 1160 824; x_wconf 86' lang='lat' dir='ltr'>indeuropaeam,</span> <span class='ocrx_word' id='word_1_32' title='bbox 1171 739 1187 772; x_wconf 79' lang='lat'><em>*</em></span> 
     </span>
     <span class='ocr_line' id='line_1_5' title="bbox 48 844 1187 928; baseline 0.006 -25"><span class='ocrx_word' id='word_1_33' title='bbox 48 863 69 902; x_wconf 88' lang='lat' dir='ltr'>e.</span> <span class='ocrx_word' id='word_1_34' title='bbox 82 863 121 924; x_wconf 88' lang='lat' dir='ltr'>gr.</span> <span class='ocrx_word' id='word_1_35' title='bbox 137 853 196 905; x_wconf 89' lang='lat' dir='ltr'>tarn</span> <span class='ocrx_word' id='word_1_36' title='bbox 211 844 445 906; x_wconf 82' lang='lat' dir='ltr'>Germanorum</span> <span class='ocrx_word' id='word_1_37' title='bbox 463 865 572 908; x_wconf 87' lang='lat' dir='ltr'>omnes</span> <span class='ocrx_word' id='word_1_38' title='bbox 588 857 710 928; x_wconf 80' lang='lat' dir='ltr'>gentes,</span> <span class='ocrx_word' id='word_1_39' title='bbox 729 867 802 908; x_wconf 90' lang='lat' dir='ltr'>cum</span> <span class='ocrx_word' id='word_1_40' title='bbox 818 855 942 908; x_wconf 85' lang='lat' dir='ltr'>constet</span> <span class='ocrx_word' id='word_1_41' title='bbox 957 847 996 912; x_wconf 85' lang='lat' dir='ltr'>de</span> <span class='ocrx_word' id='word_1_42' title='bbox 1012 846 1187 910; x_wconf 85' lang='lat' dir='ltr'>Scandina·</span> 
     </span>
     <span class='ocr_line' id='line_1_6' title="bbox 47 946 1186 1035; baseline 0.005 -27"><span class='ocrx_word' id='word_1_43' title='bbox 47 946 271 1022; x_wconf 60' lang='lat' dir='ltr'>desertoribus</span> <span class='ocrx_word' id='word_1_44' title='bbox 288 959 388 1012; x_wconf 85' lang='lat' dir='ltr'>terrae</span> <span class='ocrx_word' id='word_1_45' title='bbox 403 951 597 1014; x_wconf 87' lang='lat' dir='ltr'>continentis</span> <span class='ocrx_word' id='word_1_46' title='bbox 610 961 642 1014; x_wconf 90' lang='lat' dir='ltr'>et</span> <span class='ocrx_word' id='word_1_47' title='bbox 656 951 801 1034; x_wconf 84' lang='lat' dir='ltr'>anglicis,</span> <span class='ocrx_word' id='word_1_48' title='bbox 817 951 984 1028; x_wconf 85' lang='lat' dir='ltr'>Boivariis,</span> <span class='ocrx_word' id='word_1_49' title='bbox 999 973 1095 1034; x_wconf 90' lang='lat' dir='ltr'>quam</span> <span class='ocrx_word' id='word_1_50' title='bbox 1109 973 1186 1035; x_wconf 87' lang='lat' dir='ltr'>gen-</span> 
     </span>
     <span class='ocr_line' id='line_1_7' title="bbox 48 1053 1186 1133; baseline 0.004 -20"><span class='ocrx_word' id='word_1_51' title='bbox 48 1063 83 1114; x_wconf 86' lang='lat' dir='ltr'>tes</span> <span class='ocrx_word' id='word_1_52' title='bbox 94 1053 219 1132; x_wconf 88' lang='lat' dir='ltr'>celticae,</span> <span class='ocrx_word' id='word_1_53' title='bbox 237 1077 312 1119; x_wconf 89' lang='lat' dir='ltr'>cum</span> <span class='ocrx_word' id='word_1_54' title='bbox 327 1067 450 1119; x_wconf 87' lang='lat' dir='ltr'>constet</span> <span class='ocrx_word' id='word_1_55' title='bbox 472 1058 511 1118; x_wconf 90' lang='lat' dir='ltr'>de</span> <span class='ocrx_word' id='word_1_56' title='bbox 526 1055 681 1119; x_wconf 82' lang='lat' dir='ltr'>Hibernis</span> <span class='ocrx_word' id='word_1_57' title='bbox 704 1067 736 1119; x_wconf 89' lang='lat' dir='ltr'>et</span> <span class='ocrx_word' id='word_1_58' title='bbox 751 1056 896 1120; x_wconf 72' lang='lat' dir='ltr'>(lambris</span> <span class='ocrx_word' id='word_1_59' title='bbox 908 1056 1054 1132; x_wconf 77' lang='lat' dir='ltr'>vetustis,</span> <span class='ocrx_word' id='word_1_60' title='bbox 1072 1056 1186 1133; x_wconf 89' lang='lat' dir='ltr'>oratio·</span> 
     </span>
     <span class='ocr_line' id='line_1_8' title="bbox 46 1159 1182 1245; baseline 0.004 -25"><span class='ocrx_word' id='word_1_61' title='bbox 46 1177 101 1221; x_wconf 81' lang='lat' dir='ltr'>nem</span> <span class='ocrx_word' id='word_1_62' title='bbox 116 1159 238 1241; x_wconf 85' lang='lat' dir='ltr'>ligatam</span> <span class='ocrx_word' id='word_1_63' title='bbox 253 1172 502 1224; x_wconf 86' lang='lat' dir='ltr'>construxerunt</span> <span class='ocrx_word' id='word_1_64' title='bbox 523 1163 700 1224; x_wconf 88' lang='lat' dir='ltr'>secundum</span> <span class='ocrx_word' id='word_1_65' title='bbox 721 1183 815 1225; x_wconf 90' lang='lat' dir='ltr'>sonos</span> <span class='ocrx_word' id='word_1_66' title='bbox 830 1173 1041 1245; x_wconf 84' lang='lat' dir='ltr'>congruentes</span> <span class='ocrx_word' id='word_1_67' title='bbox 1057 1182 1182 1236; x_wconf 90' lang='lat' dir='ltr'>vocum,</span> 
     </span>
     <span class='ocr_line' id='line_1_9' title="bbox 45 1265 760 1349; baseline 0.01 -26"><span class='ocrx_word' id='word_1_68' title='bbox 45 1283 94 1324; x_wconf 92' lang='lat' dir='ltr'>non</span> <span class='ocrx_word' id='word_1_69' title='bbox 106 1265 199 1328; x_wconf 88' lang='lat' dir='ltr'>solum</span> <span class='ocrx_word' id='word_1_70' title='bbox 214 1266 403 1349; x_wconf 78' lang='lat' dir='ltr'>incipientes</span> <span class='ocrx_word' id='word_1_71' title='bbox 419 1269 474 1330; x_wconf 92' lang='lat' dir='ltr'>sed</span> <span class='ocrx_word' id='word_1_72' title='bbox 490 1267 587 1330; x_wconf 86' lang='lat' dir='ltr'>etiam</span> <span class='ocrx_word' id='word_1_73' title='bbox 600 1267 760 1330; x_wconf 88' lang='lat' dir='ltr'>finientes.</span> 
     </span>
    </p>

    <p class='ocr_par' dir='ltr' id='par_1_3' title="bbox 30 1371 1235 3998">
     <span class='ocr_line' id='line_1_10' title="bbox 109 1371 1185 1456; baseline 0 -24"><span class='ocrx_word' id='word_1_74' title='bbox 109 1371 191 1433; x_wconf 88' lang='lat' dir='ltr'>Inter</span> <span class='ocrx_word' id='word_1_75' title='bbox 216 1371 275 1436; x_wconf 90' lang='lat' dir='ltr'>hos</span> <span class='ocrx_word' id='word_1_76' title='bbox 302 1373 389 1436; x_wconf 89' lang='lat' dir='ltr'>enim</span> <span class='ocrx_word' id='word_1_77' title='bbox 414 1373 561 1456; x_wconf 85' lang='lat' dir='ltr'>populos,</span> <span class='ocrx_word' id='word_1_78' title='bbox 587 1371 614 1435; x_wconf 86' lang='lat' dir='ltr'>si</span> <span class='ocrx_word' id='word_1_79' title='bbox 635 1372 681 1434; x_wconf 91' lang='lat' dir='ltr'>ita</span> <span class='ocrx_word' id='word_1_80' title='bbox 703 1372 806 1435; x_wconf 90' lang='lat' dir='ltr'>dicere</span> <span class='ocrx_word' id='word_1_81' title='bbox 827 1373 920 1447; x_wconf 89' lang='lat' dir='ltr'>licet,</span> <span class='ocrx_word' id='word_1_82' title='bbox 945 1381 1130 1435; x_wconf 84' lang='lat' dir='ltr'>assonantes</span> <span class='ocrx_word' id='word_1_83' title='bbox 1150 1371 1185 1432; x_wconf 90' lang='lat' dir='ltr'>in</span> 
     </span>
     <span class='ocr_line' id='line_1_11' title="bbox 43 1475 1185 1561; baseline 0.002 -25"><span class='ocrx_word' id='word_1_84' title='bbox 43 1478 227 1540; x_wconf 86' lang='lat' dir='ltr'>oonstnrenda</span> <span class='ocrx_word' id='word_1_85' title='bbox 244 1477 388 1540; x_wconf 88' lang='lat' dir='ltr'>oratione</span> <span class='ocrx_word' id='word_1_86' title='bbox 402 1478 502 1561; x_wconf 89' lang='lat' dir='ltr'>ligata</span> <span class='ocrx_word' id='word_1_87' title='bbox 516 1477 633 1540; x_wconf 91' lang='lat' dir='ltr'>iterum</span> <span class='ocrx_word' id='word_1_88' title='bbox 647 1477 824 1540; x_wconf 86' lang='lat' dir='ltr'>differentia</span> <span class='ocrx_word' id='word_1_89' title='bbox 840 1479 995 1560; x_wconf 87' lang='lat' dir='ltr'>quaedam</span> <span class='ocrx_word' id='word_1_90' title='bbox 1010 1475 1185 1560; x_wconf 88' lang='lat' dir='ltr'>depreben-</span> 
     </span>
     <span class='ocr_line' id='line_1_12' title="bbox 42 1579 1181 1668; baseline 0.005 -28"><span class='ocrx_word' id='word_1_91' title='bbox 42 1579 118 1642; x_wconf 86' lang='lat' dir='ltr'>ditur.</span> <span class='ocrx_word' id='word_1_92' title='bbox 148 1583 235 1646; x_wconf 88' lang='lat' dir='ltr'>Solos</span> <span class='ocrx_word' id='word_1_93' title='bbox 257 1581 447 1668; x_wconf 84' lang='lat' dir='ltr'>incipientes</span> <span class='ocrx_word' id='word_1_94' title='bbox 468 1604 562 1648; x_wconf 85' lang='lat' dir='ltr'>sonos</span> <span class='ocrx_word' id='word_1_95' title='bbox 585 1585 793 1646; x_wconf 86' lang='lat' dir='ltr'>observarunt</span> <span class='ocrx_word' id='word_1_96' title='bbox 814 1582 930 1666; x_wconf 84' lang='lat' dir='ltr'>aliqui,</span> <span class='ocrx_word' id='word_1_97' title='bbox 957 1593 994 1646; x_wconf 89' lang='lat' dir='ltr'>ut</span> <span class='ocrx_word' id='word_1_98' title='bbox 1015 1583 1181 1660; x_wconf 84' lang='lat' dir='ltr'>Germani,</span> 
     </span>
     <span class='ocr_line' id='line_1_13' title="bbox 42 1683 1183 1772; baseline 0.004 -25"><span class='ocrx_word' id='word_1_99' title='bbox 42 1683 75 1750; x_wconf 80' lang='lat' dir='ltr'>ia</span> <span class='ocrx_word' id='word_1_100' title='bbox 92 1687 168 1752; x_wconf 88' lang='lat' dir='ltr'>utin</span> <span class='ocrx_word' id='word_1_101' title='bbox 183 1688 345 1752; x_wconf 88' lang='lat' dir='ltr'>sententia</span> <span class='ocrx_word' id='word_1_102' title='bbox 358 1689 482 1772; x_wconf 61' lang='lat' dir='ltr'>pottioa</span> <span class='ocrx_word' id='word_1_103' title='bbox 496 1689 547 1752; x_wconf 84' lang='lat' dir='ltr'>vel</span> <span class='ocrx_word' id='word_1_104' title='bbox 561 1710 655 1752; x_wconf 85' lang='lat' dir='ltr'>versu</span> <span class='ocrx_word' id='word_1_105' title='bbox 670 1699 891 1752; x_wconf 85' lang='lat' dir='ltr'>construerent</span> <span class='ocrx_word' id='word_1_106' title='bbox 906 1690 985 1754; x_wconf 89' lang='lat' dir='ltr'>duas</span> <span class='ocrx_word' id='word_1_107' title='bbox 1001 1689 1115 1754; x_wconf 86' lang='lat' dir='ltr'>saltem</span> <span class='ocrx_word' id='word_1_108' title='bbox 1131 1711 1183 1754; x_wconf 87' lang='lat' dir='ltr'>vo·</span> 
     </span>
     <span class='ocr_line' id='line_1_14' title="bbox 40 1771 1183 1878; baseline 0.003 -24"><span class='ocrx_word' id='word_1_109' title='bbox 40 1813 87 1868; x_wconf 78' lang='lat' dir='ltr'>res,</span> <span class='ocrx_word' id='word_1_110' title='bbox 101 1795 207 1858; x_wconf 86' lang='lat' dir='ltr'>melius</span> <span class='ocrx_word' id='word_1_111' title='bbox 225 1807 291 1858; x_wconf 87' lang='lat' dir='ltr'>tres</span> <span class='ocrx_word' id='word_1_112' title='bbox 305 1795 356 1858; x_wconf 84' lang='lat' dir='ltr'>vel</span> <span class='ocrx_word' id='word_1_113' title='bbox 371 1793 478 1878; x_wconf 89' lang='lat' dir='ltr'>plures</span> <span class='ocrx_word' id='word_1_114' title='bbox 493 1771 533 1856; x_wconf 79' lang='lat' dir='ltr'>ab</span> <span class='ocrx_word' id='word_1_115' title='bbox 548 1795 658 1856; x_wconf 90' lang='lat' dir='ltr'>eadem</span> <span class='ocrx_word' id='word_1_116' title='bbox 673 1815 811 1858; x_wconf 89' lang='lat' dir='ltr'>consona</span> <span class='ocrx_word' id='word_1_117' title='bbox 826 1793 1015 1878; x_wconf 84' lang='lat' dir='ltr'>incipientes</span> <span class='ocrx_word' id='word_1_118' title='bbox 1031 1795 1082 1858; x_wconf 88' lang='lat' dir='ltr'>vel</span> <span class='ocrx_word' id='word_1_119' title='bbox 1097 1817 1116 1858; x_wconf 91' lang='lat' dir='ltr'>a</span> <span class='ocrx_word' id='word_1_120' title='bbox 1130 1817 1183 1858; x_wconf 86' lang='lat' dir='ltr'>vo·</span> 
     </span>
     <span class='ocr_line' id='line_1_15' title="bbox 39 1897 1181 1984; baseline 0.004 -25"><span class='ocrx_word' id='word_1_121' title='bbox 39 1897 137 1963; x_wconf 83' lang='lat' dir='ltr'>colibus</span> <span class='ocrx_word' id='word_1_122' title='bbox 152 1901 224 1982; x_wconf 88' lang='lat' dir='ltr'>(hae</span> <span class='ocrx_word' id='word_1_123' title='bbox 248 1921 359 1964; x_wconf 89' lang='lat' dir='ltr'>omnes</span> <span class='ocrx_word' id='word_1_124' title='bbox 382 1898 443 1962; x_wconf 90' lang='lat' dir='ltr'>sibi</span> <span class='ocrx_word' id='word_1_125' title='bbox 465 1911 627 1976; x_wconf 85' lang='lat' dir='ltr'>assonant,</span> <span class='ocrx_word' id='word_1_126' title='bbox 645 1921 704 1962; x_wconf 88' lang='lat' dir='ltr'>nec</span> <span class='ocrx_word' id='word_1_127' title='bbox 727 1921 855 1962; x_wconf 87' lang='lat' dir='ltr'>necesse</span> <span class='ocrx_word' id='word_1_128' title='bbox 877 1911 925 1964; x_wconf 89' lang='lat' dir='ltr'>est</span> <span class='ocrx_word' id='word_1_129' title='bbox 946 1919 1014 1964; x_wconf 88' lang='lat' dir='ltr'>esse</span> <span class='ocrx_word' id='word_1_130' title='bbox 1029 1903 1181 1984; x_wconf 90' lang='lat' dir='ltr'>easdem).</span> 
     </span>
     <span class='ocr_line' id='line_1_16' title="bbox 39 1997 1180 2088; baseline 0.005 -24"><span class='ocrx_word' id='word_1_131' title='bbox 39 2003 89 2066; x_wconf 81' lang='lat' dir='ltr'>dlii</span> <span class='ocrx_word' id='word_1_132' title='bbox 107 2015 208 2069; x_wconf 84' lang='lat' dir='ltr'>autem</span> <span class='ocrx_word' id='word_1_133' title='bbox 222 2006 441 2070; x_wconf 89' lang='lat' dir='ltr'>assonantiam</span> <span class='ocrx_word' id='word_1_134' title='bbox 457 2005 682 2088; x_wconf 85' lang='lat' dir='ltr'>quaesiverunt</span> <span class='ocrx_word' id='word_1_135' title='bbox 697 1997 764 2068; x_wconf 85' lang='lat' dir='ltr'>non</span> <span class='ocrx_word' id='word_1_136' title='bbox 780 2005 883 2070; x_wconf 85' lang='lat' dir='ltr'>solum</span> <span class='ocrx_word' id='word_1_137' title='bbox 897 2005 932 2068; x_wconf 92' lang='lat' dir='ltr'>in</span> <span class='ocrx_word' id='word_1_138' title='bbox 947 2005 1040 2070; x_wconf 89' lang='lat' dir='ltr'>initio</span> <span class='ocrx_word' id='word_1_139' title='bbox 1056 2029 1180 2084; x_wconf 88' lang='lat' dir='ltr'>vocum,</span> 
     </span>
     <span class='ocr_line' id='line_1_17' title="bbox 38 2111 1183 2188; baseline 0.003 -16"><span class='ocrx_word' id='word_1_140' title='bbox 38 2112 179 2178; x_wconf 85' lang='lat' dir='ltr'>sedetiam</span> <span class='ocrx_word' id='word_1_141' title='bbox 194 2113 228 2178; x_wconf 90' lang='lat' dir='ltr'>in</span> <span class='ocrx_word' id='word_1_142' title='bbox 245 2115 323 2188; x_wconf 89' lang='lat' dir='ltr'>fine,</span> <span class='ocrx_word' id='word_1_143' title='bbox 337 2113 435 2176; x_wconf 89' lang='lat' dir='ltr'>immo</span> <span class='ocrx_word' id='word_1_144' title='bbox 451 2112 485 2174; x_wconf 91' lang='lat' dir='ltr'>in</span> <span class='ocrx_word' id='word_1_145' title='bbox 501 2111 605 2176; x_wconf 87' lang='lat' dir='ltr'>medio</span> <span class='ocrx_word' id='word_1_146' title='bbox 620 2132 745 2174; x_wconf 88' lang='lat' dir='ltr'>vocum.</span> <span class='ocrx_word' id='word_1_147' title='bbox 772 2112 868 2174; x_wconf 90' lang='lat' dir='ltr'>Hanc</span> <span class='ocrx_word' id='word_1_148' title='bbox 883 2111 1016 2178; x_wconf 83' lang='lat' dir='ltr'>formam</span> <span class='ocrx_word' id='word_1_149' title='bbox 1031 2113 1183 2176; x_wconf 83' lang='lat' dir='ltr'>orationis</span> 
     </span>
     <span class='ocr_line' id='line_1_18' title="bbox 36 2215 1183 2303; baseline 0.002 -23"><span class='ocrx_word' id='word_1_150' title='bbox 36 2217 154 2298; x_wconf 74' lang='lat' dir='ltr'>politicae</span> <span class='ocrx_word' id='word_1_151' title='bbox 169 2219 237 2303; x_wconf 87' lang='lat' dir='ltr'>jam</span> <span class='ocrx_word' id='word_1_152' title='bbox 259 2228 441 2282; x_wconf 86' lang='lat' dir='ltr'>monstrant</span> <span class='ocrx_word' id='word_1_153' title='bbox 462 2226 590 2279; x_wconf 82' lang='lat' dir='ltr'>vetusta</span> <span class='ocrx_word' id='word_1_154' title='bbox 604 2215 821 2279; x_wconf 88' lang='lat' dir='ltr'>Hibemorum</span> <span class='ocrx_word' id='word_1_155' title='bbox 844 2227 876 2279; x_wconf 91' lang='lat' dir='ltr'>et</span> <span class='ocrx_word' id='word_1_156' title='bbox 891 2218 1100 2282; x_wconf 87' lang='lat' dir='ltr'>Cambrorum</span> <span class='ocrx_word' id='word_1_157' title='bbox 1116 2240 1183 2282; x_wconf 90' lang='lat' dir='ltr'>mo·</span> 
     </span>
     <span class='ocr_line' id='line_1_19' title="bbox 36 2321 1181 2406; baseline 0.002 -22"><span class='ocrx_word' id='word_1_158' title='bbox 36 2335 177 2388; x_wconf 80' lang='lat' dir='ltr'>armenta.</span> <span class='ocrx_word' id='word_1_159' title='bbox 211 2325 327 2388; x_wconf 92' lang='lat' dir='ltr'>Minus</span> <span class='ocrx_word' id='word_1_160' title='bbox 348 2324 383 2386; x_wconf 93' lang='lat' dir='ltr'>in</span> <span class='ocrx_word' id='word_1_161' title='bbox 402 2323 507 2386; x_wconf 88' lang='lat' dir='ltr'>medio</span> <span class='ocrx_word' id='word_1_162' title='bbox 530 2343 643 2384; x_wconf 88' lang='lat' dir='ltr'>vocum</span> <span class='ocrx_word' id='word_1_163' title='bbox 665 2321 807 2384; x_wconf 84' lang='lat' dir='ltr'>obtinere</span> <span class='ocrx_word' id='word_1_164' title='bbox 821 2333 927 2406; x_wconf 88' lang='lat' dir='ltr'>potest</span> <span class='ocrx_word' id='word_1_165' title='bbox 941 2343 1091 2386; x_wconf 87' lang='lat' dir='ltr'>sonorum</span> <span class='ocrx_word' id='word_1_166' title='bbox 1107 2345 1181 2386; x_wconf 93' lang='lat' dir='ltr'>con-</span> 
     </span>
     <span class='ocr_line' id='line_1_20' title="bbox 35 2427 1184 2516; baseline 0.003 -26"><span class='ocrx_word' id='word_1_167' title='bbox 35 2429 170 2509; x_wconf 85' lang='lat' dir='ltr'>gruentia,</span> <span class='ocrx_word' id='word_1_168' title='bbox 189 2452 289 2514; x_wconf 90' lang='lat' dir='ltr'>quam</span> <span class='ocrx_word' id='word_1_169' title='bbox 310 2431 345 2492; x_wconf 94' lang='lat' dir='ltr'>in</span> <span class='ocrx_word' id='word_1_170' title='bbox 359 2431 435 2506; x_wconf 91' lang='lat' dir='ltr'>fine,</span> <span class='ocrx_word' id='word_1_171' title='bbox 454 2428 510 2492; x_wconf 93' lang='lat' dir='ltr'>ubi</span> <span class='ocrx_word' id='word_1_172' title='bbox 524 2432 636 2512; x_wconf 86' lang='lat' dir='ltr'>po&#39;e&#39;tae</span> <span class='ocrx_word' id='word_1_173' title='bbox 651 2427 789 2490; x_wconf 85' lang='lat' dir='ltr'>Hiberni</span> <span class='ocrx_word' id='word_1_174' title='bbox 805 2437 837 2490; x_wconf 90' lang='lat' dir='ltr'>et</span> <span class='ocrx_word' id='word_1_175' title='bbox 852 2428 980 2492; x_wconf 79' lang='lat' dir='ltr'>(lambri</span> <span class='ocrx_word' id='word_1_176' title='bbox 995 2441 1184 2516; x_wconf 85' lang='lat' dir='ltr'>computant</span> 
     </span>
     <span class='ocr_line' id='line_1_21' title="bbox 35 2531 1184 2619; baseline 0.003 -25"><span class='ocrx_word' id='word_1_177' title='bbox 35 2531 185 2600; x_wconf 84' lang='lat' dir='ltr'>induabus</span> <span class='ocrx_word' id='word_1_178' title='bbox 200 2538 252 2602; x_wconf 86' lang='lat' dir='ltr'>vel</span> <span class='ocrx_word' id='word_1_179' title='bbox 271 2535 416 2619; x_wconf 85' lang='lat' dir='ltr'>pluribus</span> <span class='ocrx_word' id='word_1_180' title='bbox 432 2534 562 2598; x_wconf 88' lang='lat' dir='ltr'>vocibus</span> <span class='ocrx_word' id='word_1_181' title='bbox 577 2555 643 2596; x_wconf 87' lang='lat' dir='ltr'>non</span> <span class='ocrx_word' id='word_1_182' title='bbox 658 2533 762 2596; x_wconf 86' lang='lat' dir='ltr'>solum</span> <span class='ocrx_word' id='word_1_183' title='bbox 777 2535 911 2598; x_wconf 87' lang='lat' dir='ltr'>eandem</span> <span class='ocrx_word' id='word_1_184' title='bbox 926 2555 1111 2610; x_wconf 82' lang='lat' dir='ltr'>consonam,</span> <span class='ocrx_word' id='word_1_185' title='bbox 1129 2536 1184 2598; x_wconf 88' lang='lat' dir='ltr'>sed</span> 
     </span>
     <span class='ocr_line' id='line_1_22' title="bbox 35 2638 1184 2728; baseline 0.003 -29"><span class='ocrx_word' id='word_1_186' title='bbox 35 2638 113 2704; x_wconf 82' lang='lat' dir='ltr'>etiam</span> <span class='ocrx_word' id='word_1_187' title='bbox 133 2646 267 2708; x_wconf 87' lang='lat' dir='ltr'>eandem</span> <span class='ocrx_word' id='word_1_188' title='bbox 290 2643 454 2728; x_wconf 82' lang='lat' dir='ltr'>syllabam,</span> <span class='ocrx_word' id='word_1_189' title='bbox 472 2641 494 2704; x_wconf 94' lang='lat' dir='ltr'>i.</span> <span class='ocrx_word' id='word_1_190' title='bbox 513 2661 542 2704; x_wconf 88' lang='lat' dir='ltr'>e.</span> <span class='ocrx_word' id='word_1_191' title='bbox 561 2651 627 2704; x_wconf 87' lang='lat' dir='ltr'>tam</span> <span class='ocrx_word' id='word_1_192' title='bbox 648 2641 783 2703; x_wconf 88' lang='lat' dir='ltr'>eandem</span> <span class='ocrx_word' id='word_1_193' title='bbox 805 2640 946 2703; x_wconf 76' lang='lat' dir='ltr'>vocalem</span> <span class='ocrx_word' id='word_1_194' title='bbox 960 2639 1138 2715; x_wconf 87' lang='lat' dir='ltr'>finientem,</span> <span class='ocrx_word' id='word_1_195' title='bbox 1157 2639 1184 2702; x_wconf 91' lang='lat' dir='ltr'>si</span> 
     </span>
     <span class='ocr_line' id='line_1_23' title="bbox 35 2745 1183 2832; baseline -0.003 -22"><span class='ocrx_word' id='word_1_196' title='bbox 35 2748 130 2811; x_wconf 82' lang='lat' dir='ltr'>vocalis</span> <span class='ocrx_word' id='word_1_197' title='bbox 144 2761 273 2814; x_wconf 87' lang='lat' dir='ltr'>tautum</span> <span class='ocrx_word' id='word_1_198' title='bbox 288 2749 443 2832; x_wconf 85' lang='lat' dir='ltr'>syllabam</span> <span class='ocrx_word' id='word_1_199' title='bbox 454 2748 562 2823; x_wconf 88' lang='lat' dir='ltr'>efficit,</span> <span class='ocrx_word' id='word_1_200' title='bbox 578 2767 674 2829; x_wconf 87' lang='lat' dir='ltr'>quam</span> <span class='ocrx_word' id='word_1_201' title='bbox 686 2747 819 2808; x_wconf 86' lang='lat' dir='ltr'>eandem</span> <span class='ocrx_word' id='word_1_202' title='bbox 831 2767 1013 2822; x_wconf 89' lang='lat' dir='ltr'>consonam,</span> <span class='ocrx_word' id='word_1_203' title='bbox 1029 2745 1080 2807; x_wconf 90' lang='lat' dir='ltr'>cui</span> <span class='ocrx_word' id='word_1_204' title='bbox 1093 2767 1183 2828; x_wconf 90' lang='lat' dir='ltr'>prae-</span> 
     </span>
     <span class='ocr_line' id='line_1_24' title="bbox 34 2851 1184 2938; baseline -0.002 -22"><span class='ocrx_word' id='word_1_205' title='bbox 34 2853 100 2917; x_wconf 87' lang='lat' dir='ltr'>oedit</span> <span class='ocrx_word' id='word_1_206' title='bbox 118 2857 226 2920; x_wconf 88' lang='lat' dir='ltr'>eadem</span> <span class='ocrx_word' id='word_1_207' title='bbox 250 2853 378 2918; x_wconf 86' lang='lat' dir='ltr'>vocalis.</span> <span class='ocrx_word' id='word_1_208' title='bbox 411 2853 509 2938; x_wconf 88' lang='lat' dir='ltr'>Apud</span> <span class='ocrx_word' id='word_1_209' title='bbox 531 2853 683 2916; x_wconf 76' lang='lat' dir='ltr'>(lambros</span> <span class='ocrx_word' id='word_1_210' title='bbox 704 2861 845 2914; x_wconf 89' lang='lat' dir='ltr'>vetustos</span> <span class='ocrx_word' id='word_1_211' title='bbox 866 2851 989 2935; x_wconf 90' lang='lat' dir='ltr'>plenior</span> <span class='ocrx_word' id='word_1_212' title='bbox 1010 2852 1088 2914; x_wconf 89' lang='lat' dir='ltr'>haec</span> <span class='ocrx_word' id='word_1_213' title='bbox 1109 2873 1184 2914; x_wconf 89' lang='lat' dir='ltr'>con·</span> 
     </span>
     <span class='ocr_line' id='line_1_25' title="bbox 33 2957 1183 3040; baseline -0.003 -16"><span class='ocrx_word' id='word_1_214' title='bbox 33 2962 169 3039; x_wconf 81' lang='lat' dir='ltr'>gmentia,</span> <span class='ocrx_word' id='word_1_215' title='bbox 187 2963 300 3026; x_wconf 88' lang='lat' dir='ltr'>eadem</span> <span class='ocrx_word' id='word_1_216' title='bbox 322 2958 440 3024; x_wconf 86' lang='lat' dir='ltr'>vocalis</span> <span class='ocrx_word' id='word_1_217' title='bbox 461 2959 633 3040; x_wconf 84' lang='lat' dir='ltr'>eademque</span> <span class='ocrx_word' id='word_1_218' title='bbox 656 2979 795 3020; x_wconf 86' lang='lat' dir='ltr'>consona</span> <span class='ocrx_word' id='word_1_219' title='bbox 817 2957 992 3022; x_wconf 84' lang='lat' dir='ltr'>terminalis</span> <span class='ocrx_word' id='word_1_220' title='bbox 1008 2957 1041 3020; x_wconf 89' lang='lat' dir='ltr'>in</span> <span class='ocrx_word' id='word_1_221' title='bbox 1058 2958 1183 3022; x_wconf 83' lang='lat' dir='ltr'>duabus</span> 
     </span>
     <span class='ocr_line' id='line_1_26' title="bbox 33 3061 1184 3150; baseline 0.002 -27"><span class='ocrx_word' id='word_1_222' title='bbox 33 3065 72 3126; x_wconf 84' lang='lat' dir='ltr'>rel</span> <span class='ocrx_word' id='word_1_223' title='bbox 88 3068 230 3149; x_wconf 88' lang='lat' dir='ltr'>pluribus</span> <span class='ocrx_word' id='word_1_224' title='bbox 252 3068 383 3132; x_wconf 87' lang='lat' dir='ltr'>vocibus</span> <span class='ocrx_word' id='word_1_225' title='bbox 403 3065 548 3150; x_wconf 84' lang='lat' dir='ltr'>ejusdam</span> <span class='ocrx_word' id='word_1_226' title='bbox 566 3064 617 3127; x_wconf 89' lang='lat' dir='ltr'>vel</span> <span class='ocrx_word' id='word_1_227' title='bbox 637 3062 779 3148; x_wconf 89' lang='lat' dir='ltr'>plurium</span> <span class='ocrx_word' id='word_1_228' title='bbox 798 3085 959 3139; x_wconf 79' lang='lat' dir='ltr'>versuum,</span> <span class='ocrx_word' id='word_1_229' title='bbox 976 3062 1044 3148; x_wconf 86' lang='lat' dir='ltr'>jam</span> <span class='ocrx_word' id='word_1_230' title='bbox 1066 3061 1184 3126; x_wconf 80' lang='lat' dir='ltr'>usitata</span> 
     </span>
     <span class='ocr_line' id='line_1_27' title="bbox 32 3166 1183 3258; baseline 0.004 -29"><span class='ocrx_word' id='word_1_231' title='bbox 32 3166 184 3253; x_wconf 69' lang='lat' dir='ltr'>inventu,</span> <span class='ocrx_word' id='word_1_232' title='bbox 210 3195 345 3258; x_wconf 87' lang='lat' dir='ltr'>eamque</span> <span class='ocrx_word' id='word_1_233' title='bbox 365 3171 576 3236; x_wconf 89' lang='lat' dir='ltr'>communiter</span> <span class='ocrx_word' id='word_1_234' title='bbox 596 3169 750 3234; x_wconf 86' lang='lat' dir='ltr'>adhibent</span> <span class='ocrx_word' id='word_1_235' title='bbox 770 3169 867 3234; x_wconf 85' lang='lat' dir='ltr'>etiarn</span> <span class='ocrx_word' id='word_1_236' title='bbox 887 3167 1036 3244; x_wconf 87' lang='lat' dir='ltr'>Hiberni,</span> <span class='ocrx_word' id='word_1_237' title='bbox 1060 3167 1183 3234; x_wconf 81' lang='lat' dir='ltr'>vocales</span> 
     </span>
     <span class='ocr_line' id='line_1_28' title="bbox 33 3275 1235 3362; baseline 0.005 -24"><span class='ocrx_word' id='word_1_238' title='bbox 33 3285 122 3342; x_wconf 78' lang='lat' dir='ltr'>tamen</span> <span class='ocrx_word' id='word_1_239' title='bbox 141 3283 248 3346; x_wconf 91' lang='lat' dir='ltr'>adhuc</span> <span class='ocrx_word' id='word_1_240' title='bbox 271 3281 410 3344; x_wconf 88' lang='lat' dir='ltr'>diversas</span> <span class='ocrx_word' id='word_1_241' title='bbox 429 3281 619 3355; x_wconf 88' lang='lat' dir='ltr'>concedunt,</span> <span class='ocrx_word' id='word_1_242' title='bbox 638 3288 676 3341; x_wconf 89' lang='lat' dir='ltr'>ut</span> <span class='ocrx_word' id='word_1_243' title='bbox 691 3288 841 3342; x_wconf 86' lang='lat' dir='ltr'>assonent</span> <span class='ocrx_word' id='word_1_244' title='bbox 856 3300 883 3342; x_wconf 89' lang='lat' dir='ltr'>e.</span> <span class='ocrx_word' id='word_1_245' title='bbox 902 3300 950 3362; x_wconf 88' lang='lat' dir='ltr'>gr.</span> <span class='ocrx_word' id='word_1_246' title='bbox 969 3299 1032 3355; x_wconf 80' lang='lat' dir='ltr'>-us,</span> <span class='ocrx_word' id='word_1_247' title='bbox 1050 3275 1103 3356; x_wconf 61' lang='lat' dir='ltr'>ab,</span> <span class='ocrx_word' id='word_1_248' title='bbox 1123 3301 1180 3356; x_wconf 80' lang='lat' dir='ltr'>-ee,</span> <span class='ocrx_word' id='word_1_249' title='bbox 1228 3301 1235 3308; x_wconf 93' lang='lat'>·</span> 
     </span>
     <span class='ocr_line' id='line_1_29' title="bbox 32 3381 1183 3471; baseline 0.003 -25"><span class='ocrx_word' id='word_1_250' title='bbox 32 3381 86 3460; x_wconf 78' lang='lat' dir='ltr'>-im,</span> <span class='ocrx_word' id='word_1_251' title='bbox 103 3408 176 3465; x_wconf 75' lang='lat' dir='ltr'>om,</span> <span class='ocrx_word' id='word_1_252' title='bbox 192 3410 268 3464; x_wconf 65' lang='lat' dir='ltr'>em,</span> <span class='ocrx_word' id='word_1_253' title='bbox 282 3398 315 3451; x_wconf 90' lang='lat' dir='ltr'>et</span> <span class='ocrx_word' id='word_1_254' title='bbox 330 3387 454 3471; x_wconf 89' lang='lat' dir='ltr'>quidni,</span> <span class='ocrx_word' id='word_1_255' title='bbox 473 3407 547 3450; x_wconf 91' lang='lat' dir='ltr'>cum</span> <span class='ocrx_word' id='word_1_256' title='bbox 561 3385 659 3450; x_wconf 90' lang='lat' dir='ltr'>etiam</span> <span class='ocrx_word' id='word_1_257' title='bbox 674 3384 797 3448; x_wconf 82' lang='lat' dir='ltr'>vocales</span> <span class='ocrx_word' id='word_1_258' title='bbox 811 3383 954 3448; x_wconf 87' lang='lat' dir='ltr'>diversae</span> <span class='ocrx_word' id='word_1_259' title='bbox 969 3385 1119 3450; x_wconf 86' lang='lat' dir='ltr'>ineuntes</span> <span class='ocrx_word' id='word_1_260' title='bbox 1134 3407 1183 3450; x_wconf 88' lang='lat' dir='ltr'>as·</span> 
     </span>
     <span class='ocr_line' id='line_1_30' title="bbox 31 3489 1183 3576; baseline 0.006 -27"><span class='ocrx_word' id='word_1_261' title='bbox 31 3493 143 3556; x_wconf 81' lang='lat' dir='ltr'>mnentl</span> <span class='ocrx_word' id='word_1_262' title='bbox 165 3494 272 3556; x_wconf 90' lang='lat' dir='ltr'>Immo</span> <span class='ocrx_word' id='word_1_263' title='bbox 293 3504 423 3576; x_wconf 87' lang='lat' dir='ltr'>propter</span> <span class='ocrx_word' id='word_1_264' title='bbox 445 3493 505 3555; x_wconf 93' lang='lat' dir='ltr'>hoc</span> <span class='ocrx_word' id='word_1_265' title='bbox 525 3492 632 3575; x_wconf 89' lang='lat' dir='ltr'>ipsum</span> <span class='ocrx_word' id='word_1_266' title='bbox 652 3489 730 3552; x_wconf 88' lang='lat' dir='ltr'>haee</span> <span class='ocrx_word' id='word_1_267' title='bbox 752 3489 935 3554; x_wconf 86' lang='lat' dir='ltr'>assonantia</span> <span class='ocrx_word' id='word_1_268' title='bbox 956 3490 1108 3574; x_wconf 89' lang='lat' dir='ltr'>majorem</span> <span class='ocrx_word' id='word_1_269' title='bbox 1130 3515 1183 3556; x_wconf 88' lang='lat' dir='ltr'>ve·</span> 
     </span>
     <span class='ocr_line' id='line_1_31' title="bbox 30 3593 1182 3684; baseline 0.003 -28"><span class='ocrx_word' id='word_1_270' title='bbox 30 3600 163 3672; x_wconf 84' lang='lat' dir='ltr'>tustatem</span> <span class='ocrx_word' id='word_1_271' title='bbox 182 3599 305 3662; x_wconf 91' lang='lat' dir='ltr'>redolet</span> <span class='ocrx_word' id='word_1_272' title='bbox 327 3609 359 3660; x_wconf 89' lang='lat' dir='ltr'>et</span> <span class='ocrx_word' id='word_1_273' title='bbox 380 3597 577 3684; x_wconf 88' lang='lat' dir='ltr'>perhibenda</span> <span class='ocrx_word' id='word_1_274' title='bbox 599 3605 647 3658; x_wconf 86' lang='lat' dir='ltr'>est</span> <span class='ocrx_word' id='word_1_275' title='bbox 668 3593 867 3678; x_wconf 87' lang='lat' dir='ltr'>primigenia,</span> <span class='ocrx_word' id='word_1_276' title='bbox 887 3617 968 3679; x_wconf 89' lang='lat' dir='ltr'>quae</span> <span class='ocrx_word' id='word_1_277' title='bbox 983 3596 1132 3682; x_wconf 86' lang='lat' dir='ltr'>deinceps</span> <span class='ocrx_word' id='word_1_278' title='bbox 1148 3598 1182 3660; x_wconf 90' lang='lat' dir='ltr'>in</span> 
     </span>
     <span class='ocr_line' id='line_1_32' title="bbox 30 3699 1181 3786; baseline 0.006 -27"><span class='ocrx_word' id='word_1_279' title='bbox 30 3700 176 3766; x_wconf 84' lang='lat' dir='ltr'>certiorem</span> <span class='ocrx_word' id='word_1_280' title='bbox 191 3705 326 3767; x_wconf 89' lang='lat' dir='ltr'>sormam</span> <span class='ocrx_word' id='word_1_281' title='bbox 342 3713 374 3766; x_wconf 89' lang='lat' dir='ltr'>et</span> <span class='ocrx_word' id='word_1_282' title='bbox 388 3701 539 3786; x_wconf 85' lang='lat' dir='ltr'>majorem</span> <span class='ocrx_word' id='word_1_283' title='bbox 554 3699 711 3764; x_wconf 89' lang='lat' dir='ltr'>ambitum</span> <span class='ocrx_word' id='word_1_284' title='bbox 725 3701 889 3784; x_wconf 88' lang='lat' dir='ltr'>processit.</span> <span class='ocrx_word' id='word_1_285' title='bbox 922 3703 963 3764; x_wconf 91' lang='lat' dir='ltr'>In</span> <span class='ocrx_word' id='word_1_286' title='bbox 978 3724 1015 3765; x_wconf 86' lang='lat' dir='ltr'>ea</span> <span class='ocrx_word' id='word_1_287' title='bbox 1030 3725 1181 3768; x_wconf 87' lang='lat' dir='ltr'>assonan-</span> 
     </span>
     <span class='ocr_line' id='line_1_33' title="bbox 30 3803 1181 3894; baseline 0 -25"><span class='ocrx_word' id='word_1_288' title='bbox 30 3803 63 3866; x_wconf 64' lang='grc' dir='ltr'>ὗε</span> <span class='ocrx_word' id='word_1_289' title='bbox 76 3808 157 3892; x_wconf 90' lang='lat' dir='ltr'>origo</span> <span class='ocrx_word' id='word_1_290' title='bbox 172 3810 276 3894; x_wconf 86' lang='lat' dir='ltr'>prima</span> <span class='ocrx_word' id='word_1_291' title='bbox 291 3809 493 3874; x_wconf 87' lang='lat' dir='ltr'>assonantiae</span> <span class='ocrx_word' id='word_1_292' title='bbox 507 3807 614 3870; x_wconf 87' lang='lat' dir='ltr'>finalis</span> <span class='ocrx_word' id='word_1_293' title='bbox 629 3819 688 3883; x_wconf 86' lang='lat' dir='ltr'>est,</span> <span class='ocrx_word' id='word_1_294' title='bbox 703 3807 808 3870; x_wconf 88' lang='lat' dir='ltr'>cultae</span> <span class='ocrx_word' id='word_1_295' title='bbox 822 3807 1009 3892; x_wconf 85' lang='lat' dir='ltr'>praesertim</span> <span class='ocrx_word' id='word_1_296' title='bbox 1024 3808 1181 3892; x_wconf 85' lang='lat' dir='ltr'>apopnlis</span> 
     </span>
     <span class='ocr_line' id='line_1_34' title="bbox 30 3911 845 3998; baseline 0.006 -28"><span class='ocrx_word' id='word_1_297' title='bbox 30 3913 240 3978; x_wconf 80' lang='lat' dir='ltr'>recentioribus</span> <span class='ocrx_word' id='word_1_298' title='bbox 256 3917 414 3998; x_wconf 88' lang='lat' dir='ltr'>Europae,</span> <span class='ocrx_word' id='word_1_299' title='bbox 432 3935 528 3997; x_wconf 84' lang='lat' dir='ltr'>quam</span> <span class='ocrx_word' id='word_1_300' title='bbox 543 3912 656 3974; x_wconf 88' lang='lat' dir='ltr'>dicunt</span> <span class='ocrx_word' id='word_1_301' title='bbox 670 3915 797 3975; x_wconf 73' lang='lat' dir='ltr'>rimam.</span> <span class='ocrx_word' id='word_1_302' title='bbox 812 3911 845 3946; x_wconf 69' lang='lat'>⁴³*</span> 
     </span>
    </p>
   </div>
   <div class='ocr_carea' id='block_1_3' title="bbox 26 4113 1182 4527">
    <p class='ocr_par' dir='ltr' id='par_1_4' title="bbox 27 4113 1182 4356">
     <span class='ocr_line' id='line_1_35' title="bbox 84 4113 1182 4188; baseline -0.004 -18"><span class='ocrx_word' id='word_1_303' title='bbox 84 4115 95 4138; x_wconf 87' lang='lat'><em>⁰</em></span> <span class='ocrx_word' id='word_1_304' title='bbox 111 4114 211 4170; x_wconf 81' lang='lat' dir='ltr'>Nescio</span> <span class='ocrx_word' id='word_1_305' title='bbox 226 4134 260 4170; x_wconf 88' lang='lat' dir='ltr'>an</span> <span class='ocrx_word' id='word_1_306' title='bbox 272 4117 345 4170; x_wconf 88' lang='lat' dir='ltr'>idem</span> <span class='ocrx_word' id='word_1_307' title='bbox 356 4134 415 4170; x_wconf 90' lang='lat' dir='ltr'>mos</span> <span class='ocrx_word' id='word_1_308' title='bbox 427 4117 514 4187; x_wconf 83' lang='lat' dir='ltr'>possit</span> <span class='ocrx_word' id='word_1_309' title='bbox 525 4116 619 4170; x_wconf 84' lang='lat' dir='ltr'>haberi</span> <span class='ocrx_word' id='word_1_310' title='bbox 631 4117 755 4188; x_wconf 87' lang='lat' dir='ltr'>proprius</span> <span class='ocrx_word' id='word_1_311' title='bbox 768 4116 849 4168; x_wconf 88' lang='lat' dir='ltr'>etiam</span> <span class='ocrx_word' id='word_1_312' title='bbox 861 4114 921 4167; x_wconf 76' lang='lat' dir='ltr'>aliis</span> <span class='ocrx_word' id='word_1_313' title='bbox 934 4113 1041 4184; x_wconf 88' lang='lat' dir='ltr'>populis</span> <span class='ocrx_word' id='word_1_314' title='bbox 1055 4121 1083 4165; x_wconf 86' lang='lat' dir='ltr'>et</span> <span class='ocrx_word' id='word_1_315' title='bbox 1095 4113 1182 4166; x_wconf 87' lang='lat' dir='ltr'>diver·</span> 
     </span>
     <span class='ocr_line' id='line_1_36' title="bbox 27 4197 1182 4272; baseline -0.003 -18"><span class='ocrx_word' id='word_1_316' title='bbox 27 4209 63 4248; x_wconf 67' lang='lat'>¹⁸²</span> <span class='ocrx_word' id='word_1_317' title='bbox 78 4200 197 4270; x_wconf 79' lang='lat' dir='ltr'>originis,</span> <span class='ocrx_word' id='word_1_318' title='bbox 213 4219 236 4254; x_wconf 89' lang='lat' dir='ltr'>e.</span> <span class='ocrx_word' id='word_1_319' title='bbox 251 4219 292 4272; x_wconf 85' lang='lat' dir='ltr'>gr.</span> <span class='ocrx_word' id='word_1_320' title='bbox 307 4202 452 4270; x_wconf 65' lang='lat' dir='ltr'>Tunguria</span> <span class='ocrx_word' id='word_1_321' title='bbox 467 4201 502 4254; x_wconf 91' lang='lat' dir='ltr'>ob</span> <span class='ocrx_word' id='word_1_322' title='bbox 521 4219 553 4254; x_wconf 88' lang='lat' dir='ltr'>ea</span> <span class='ocrx_word' id='word_1_323' title='bbox 570 4218 639 4272; x_wconf 86' lang='lat' dir='ltr'>quae</span> <span class='ocrx_word' id='word_1_324' title='bbox 656 4201 759 4270; x_wconf 77' lang='lat' dir='ltr'>profert</span> <span class='ocrx_word' id='word_1_325' title='bbox 771 4197 948 4254; x_wconf 87' lang='lat' dir='ltr'>Gabelentius</span> <span class='ocrx_word' id='word_1_326' title='bbox 967 4198 994 4250; x_wconf 93' lang='lat' dir='ltr'>in</span> <span class='ocrx_word' id='word_1_327' title='bbox 1008 4198 1182 4268; x_wconf 87' lang='lat' dir='ltr'>grammatica</span> 
     </span>
     <span class='ocr_line' id='line_1_37' title="bbox 28 4269 1050 4356; baseline 0 -22"><span class='ocrx_word' id='word_1_328' title='bbox 28 4275 119 4336; x_wconf 73' lang='lat' dir='ltr'>dialecti</span> <span class='ocrx_word' id='word_1_329' title='bbox 132 4286 191 4354; x_wconf 81' lang='lat' dir='ltr'>eJus</span> <span class='ocrx_word' id='word_1_330' title='bbox 204 4285 323 4338; x_wconf 83' lang='lat' dir='ltr'>nationis</span> <span class='ocrx_word' id='word_1_331' title='bbox 337 4269 474 4356; x_wconf 74' lang='lat' dir='ltr'>(lllemens</span> <span class='ocrx_word' id='word_1_332' title='bbox 488 4287 521 4339; x_wconf 91' lang='lat' dir='ltr'>de</span> <span class='ocrx_word' id='word_1_333' title='bbox 534 4287 559 4338; x_wconf 88' lang='lat' dir='ltr'>la</span> <span class='ocrx_word' id='word_1_334' title='bbox 572 4285 730 4355; x_wconf 85' lang='lat' dir='ltr'>grammaire</span> <span class='ocrx_word' id='word_1_335' title='bbox 742 4285 921 4346; x_wconf 84' lang='lat' dir='ltr'>mondcboue‚</span> <span class='ocrx_word' id='word_1_336' title='bbox 936 4301 963 4354; x_wconf 89' lang='lat' dir='ltr'>p.</span> <span class='ocrx_word' id='word_1_337' title='bbox 980 4284 1050 4354; x_wconf 78' lang='lat' dir='ltr'>tls).</span> 
     </span>
    </p>

    <p class='ocr_par' dir='ltr' id='par_1_5' title="bbox 26 4366 1180 4527">
     <span class='ocr_line' id='line_1_38' title="bbox 74 4366 1180 4442; baseline -0.002 -20"><span class='ocrx_word' id='word_1_338' title='bbox 74 4369 97 4394; x_wconf 79' lang='lat'><strong>“</strong></span> <span class='ocrx_word' id='word_1_339' title='bbox 114 4368 158 4422; x_wconf 81' lang='lat' dir='ltr'>Ex</span> <span class='ocrx_word' id='word_1_340' title='bbox 176 4387 219 4439; x_wconf 86' lang='lat' dir='ltr'>gr.</span> <span class='ocrx_word' id='word_1_341' title='bbox 235 4366 351 4442; x_wconf 69' lang='grc' dir='ltr'><em>ῥυθμός,</em></span> <span class='ocrx_word' id='word_1_342' title='bbox 365 4369 413 4422; x_wconf 88' lang='lat' dir='ltr'>lat.</span> <span class='ocrx_word' id='word_1_343' title='bbox 432 4369 591 4440; x_wconf 66' lang='lat' dir='ltr'>rhythmus,</span> <span class='ocrx_word' id='word_1_344' title='bbox 615 4369 784 4440; x_wconf 84' lang='lat' dir='ltr'>significante</span> <span class='ocrx_word' id='word_1_345' title='bbox 803 4367 877 4421; x_wconf 81' lang='lat' dir='ltr'>aliud</span> <span class='ocrx_word' id='word_1_346' title='bbox 894 4367 1011 4438; x_wconf 83' lang='lat' dir='ltr'>aliquid,</span> <span class='ocrx_word' id='word_1_347' title='bbox 1032 4368 1180 4421; x_wconf 89' lang='lat' dir='ltr'>deducunt.</span> 
     </span>
     <span class='ocr_line' id='line_1_39' title="bbox 26 4449 1180 4527; baseline -0.003 -19"><span class='ocrx_word' id='word_1_348' title='bbox 26 4449 141 4508; x_wconf 79' lang='lat' dir='ltr'>Quamvis</span> <span class='ocrx_word' id='word_1_349' title='bbox 161 4472 194 4508; x_wconf 85' lang='lat' dir='ltr'>ea</span> <span class='ocrx_word' id='word_1_350' title='bbox 214 4471 267 4507; x_wconf 80' lang='lat' dir='ltr'>vox</span> <span class='ocrx_word' id='word_1_351' title='bbox 287 4455 515 4524; x_wconf 79' lang='lat' dir='ltr'>computationem</span> <span class='ocrx_word' id='word_1_352' title='bbox 534 4456 666 4527; x_wconf 73' lang='lat' dir='ltr'>patticam</span> <span class='ocrx_word' id='word_1_353' title='bbox 684 4453 807 4506; x_wconf 84' lang='lat' dir='ltr'>indicans</span> <span class='ocrx_word' id='word_1_354' title='bbox 823 4453 850 4505; x_wconf 92' lang='lat' dir='ltr'>in</span> <span class='ocrx_word' id='word_1_355' title='bbox 864 4453 978 4506; x_wconf 81' lang='lat' dir='ltr'>vetustis</span> <span class='ocrx_word' id='word_1_356' title='bbox 990 4451 1065 4504; x_wconf 90' lang='lat' dir='ltr'>libris</span> <span class='ocrx_word' id='word_1_357' title='bbox 1078 4469 1127 4504; x_wconf 88' lang='lat' dir='ltr'>nec</span> <span class='ocrx_word' id='word_1_358' title='bbox 1140 4451 1180 4505; x_wconf 90' lang='lat' dir='ltr'>hi-</span> 
     </span>
    </p>
   </div>
   <div class='ocr_carea' id='block_1_4' title="bbox 0 0 1494 5054">
    <p class='ocr_par' dir='ltr' id='par_1_6' title="bbox 0 0 1494 5054">
     <span class='ocr_line' id='line_1_40' title="bbox 0 0 1494 5054; baseline 0 6"><span class='ocrx_word' id='word_1_359' title='bbox 0 0 1494 5054; x_wconf 95' lang='lat' dir='ltr'> </span> 
     </span>
    </p>
   </div>
  </div>
 </body>
</html>
