2994 5052
273 339 333 400 724
393 337 435 400 V.
458 343 486 396 t.
519 353 702 398 nasturtio
717 355 858 400 ornatos
874 355 915 400 ar
931 355 1118 400 ursanutcn
1135 357 1314 402 vocamur.

272 508 333 570 Est
356 505 454 590 igitur
480 524 690 566 consonarum
717 515 843 568 tantum
869 503 1023 568 derivatio
1043 515 1169 589 praeter
1194 507 1437 590 simplicem,

272 613 368 677 otiam
389 610 544 694 duplex
563 609 613 673 vel
635 608 869 692 multiplex.

729 869 981 880 w...

535 1127 566 1194 1.
623 1125 875 1196 Derivatio
916 1127 1179 1234 hibernica.

591 1359 631 1418 A.
669 1357 886 1424 Derivatio
908 1360 1128 1423 vocalium.

360 1575 502 1642 Nomina
527 1575 710 1657 linguarum
736 1577 883 1640 affinium
910 1578 1017 1663 stirpis
1043 1579 1278 1662 indeuropaeae
1305 1579 1445 1641 desinere

275 1683 423 1768 primitus
444 1682 479 1744 in
500 1682 622 1744 vocales
646 1691 708 1742 tres
730 1681 921 1766 principales
940 1685 981 1760 A,
1001 1686 1030 1762 Ι,
1049 1686 1091 1762 U,
1109 1685 1219 1747 docuit
1240 1683 1445 1767 grammatica

276 1798 468 1871 comparata.
501 1787 681 1852 Concordat
701 1787 804 1869 prisea
825 1789 952 1871 gallica,
970 1811 1051 1874 quae
1073 1801 1177 1852 servat
1191 1791 1327 1852 modum
1343 1787 1445 1872 primi·

278 1894 380 1958 tivum
394 1893 429 1956 in
443 1892 548 1956 medio
563 1891 821 1974 compositorum,
840 1894 898 1956 ubi
912 1915 1003 1958 voces
1019 1895 1138 1978 priores
1153 1895 1284 1958 exhibet
1301 1893 1447 1956 termina·

277 2011 326 2064 tas
341 2001 381 2062 ab
396 1998 509 2061 iisdem
523 1997 697 2073 vocalibus,
715 1997 782 2060 sola
797 2011 930 2083 excepte
944 2001 984 2077 A,
1000 2000 1091 2083 cujus
1107 1999 1213 2062 locum
1227 2000 1358 2062 obtinet
1373 2000 1402 2062 0
1415 1999 1445 2059 in

276 2103 423 2189 plurimis
435 2101 631 2179 nominibus,
646 2123 675 2166 e.
689 2123 755 2186 gn:
771 2105 1000 2186 Lugodunum,
1016 2105 1245 2186 Lupodunum,
1262 2105 1444 2188 Sigovesus,

278 2211 483 2285 Bellovesus,
508 2207 705 2290 Cingetorix.
743 2208 865 2272 Finolis
888 2209 905 2272 I
927 2208 1040 2292 prioris
1063 2210 1163 2292 partis
1181 2211 1359 2293 compositi
1378 2209 1447 2272 item
1488 2215 1489 2226 ¹

277 2316 425 2398 frequens
441 2313 538 2378 estin
552 2312 736 2377 nominibus
749 2315 901 2378 vetustis:
920 2314 1141 2390 Moridunum,
1156 2315 1369 2392 Moricambe,
1385 2315 1447 2376 llo

278 2421 427 2504 ritasgus,
445 2418 715 2496 Cassivellaunus,
733 2419 953 2503 Cassignatus,
970 2419 1173 2504 Nivimagos.
1205 2421 1249 2482 Et
1268 2421 1382 2484 finalis
1403 2419 1445 2483 U:

280 2527 470 2601 Esunertus,
488 2524 690 2600 Viducasses,
708 2523 881 2608 Bituriges,
900 2526 1079 2609 Caturiges,
1098 2526 1365 2590 Mandubratius.

365 2631 457 2694 Inter
484 2630 542 2694 has
569 2629 710 2714 primum
731 2629 800 2693 loco
828 2630 912 2693 cedit
931 2631 962 2692 A
984 2631 1061 2713 (Ο),
1086 2653 1114 2694 e.
1132 2652 1180 2713 gr.
1205 2632 1240 2694 in
1263 2629 1446 2715 compositis

282 2737 503 2811 Lausdunum,
522 2735 693 2811 Atismara,
712 2737 920 2819 Lugdunum.
952 2737 1028 2799 Non
1045 2737 1160 2800 habere
1175 2737 1305 2800 videtur
1321 2738 1448 2802 eandem

283 2843 497 2916 tenacitatem,
514 2851 552 2903 ut
573 2851 693 2904 ceterae
716 2841 810 2918 duae,
828 2841 846 2903 I
861 2853 893 2904 et
908 2841 951 2918 U,
970 2863 1051 2924 quae
1072 2841 1169 2906 etiam
1189 2863 1266 2925 prae
1287 2842 1383 2905 omni
1396 2839 1450 2903 alit

282 2947 382 3012 vocali
401 2947 452 3010 vel
467 2945 667 3029 diphthongo
683 2945 862 3010 inserviunt
876 2946 1075 3010 derivationi.
1107 2948 1129 3010 J
1130 2969 1182 3010 am
1196 2949 1234 3010 fit
1248 2959 1391 3030 utraque
1404 2948 1449 3010 de

282 3053 400 3129 rivaus,
426 3051 453 3115 si
472 3051 528 3114 illa
543 3049 587 3132 (O
601 3081 645 3104 ε
659 3052 704 3133 Α)
719 3051 887 3114 intercedit
909 3051 1073 3137 copulans,
1091 3063 1129 3115 ut
1149 3054 1188 3116 fit
1209 3051 1353 3136 saepius,
1376 3052 1451 3114 intes

283 3169 406 3243 partem
420 3157 557 3241 priorem
573 3156 774 3220 terminatam
788 3159 828 3222 ab
842 3157 893 3220 his
908 3159 1043 3234 duabus,
1061 3159 1079 3220 I
1095 3167 1128 3221 et
1142 3159 1185 3235 U,
1200 3169 1232 3221 et
1246 3158 1450 3241 posteriorem

283 3262 469 3348 compositi3
495 3283 523 3325 e.
541 3283 589 3345 gr.
606 3273 679 3345 post
700 3263 735 3324 I:
761 3262 998 3346 Noviomagrs‚
1024 3263 1273 3340 Noviodunum,
1299 3261 1449 3327 Mediola-

285 3390 375 3446 num,
399 3368 608 3444 Mcdiolacus,
635 3366 878 3446 Mediomatrici,
903 3367 1120 3445 Bodiocasses,
1138 3367 1365 3446 Velliocasses‚
1384 3371 1450 3432 Am·

285 3473 389 3537 biorix
404 3473 464 3554 (ita
485 3483 523 3536 ut
545 3472 641 3536 etiam
663 3472 778 3555 conjici
799 3473 923 3555 possint
937 3471 1178 3550 Moriodunum,
1196 3465 1448 3556 Cassiognatus)‚

285 3591 319 3642 et
340 3589 413 3664 post
429 3579 477 3642 U:
501 3579 742 3661 Boduognatus,
761 3579 1089 3662 Epamanduodurum
1105 3577 1159 3660 (cf.
1178 3577 1449 3658 Mandubratius).

374 3685 495 3750 Eodem
516 3685 610 3746 modo
629 3693 719 3747 extra
734 3684 993 3767 compositionem
1010 3682 1145 3747 occurrit
1160 3681 1307 3746 derivans
1324 3694 1451 3766 utraque

287 3789 405 3852 uocalis
415 3790 585 3852 accedente
595 3787 697 3853 vocali
708 3787 770 3852 alia
782 3789 1013 3854 terminationis
1025 3787 1171 3871 alicujus.
1197 3789 1214 3850 Ι
1224 3811 1231 3850 :
1250 3788 1353 3852 Curia
1366 3789 1450 3860 ltin,

288 3893 429 3971 Stuccia,
453 3894 586 3971 Rarius,
604 3893 740 3971 Novius,
759 3894 879 3958 Tobius
903 3895 1008 3976 (fluvii
1029 3894 1110 3956 Brit.
1129 3905 1161 3956 et
1181 3892 1340 3975 Hibern.)
1358 3893 1449 3964 Ptol,

288 3999 413 4077 Ollius,
431 3989 572 4064 Mincius
588 3998 692 4080 (flunt
715 3999 840 4064 Galliae
861 4000 1004 4084 ciselp.),
1028 3998 1143 4062 Larius
1166 3999 1302 4081 (lacus),
1320 3997 1452 4063 Tausius

290 4105 461 4188 (Tunger,
488 4105 664 4189 Capitolio.
689 4105 812 4168 Pertin.
842 4127 870 4168 c.
893 4109 969 4187 11),
1001 4105 1165 4169 Commius
1189 4105 1304 4180 Caes,
1330 4103 1452 4168 Camino

291 4210 436 4292 (gallicae
451 4209 627 4293 originisl),
645 4208 744 4273 Vasio
753 4211 844 4291 (urbs
860 4209 1099 4286 Vocontiorum,
1119 4209 1197 4272 Mel.
1217 4214 1247 4286 2,
1268 4217 1299 4272 5.
1320 4209 1409 4274 Plin.
1425 4214 1449 4280 t,
1481 4229 1483 4238 ’

291 4321 336 4396 4),
353 4315 477 4382 Sirione
492 4315 621 4398 (ablat.)
637 4313 716 4378 ltin.
730 4315 785 4391 A,
800 4314 919 4378 Albion
935 4318 1066 4396 (nomen
1081 4326 1245 4378 retentum
1257 4313 1449 4378 Britanniae.

290 4443 341 4504 ap.
361 4421 438 4484 Mel.
459 4419 544 4482 Plin.
564 4420 685 4499 Ptol),
705 4420 840 4502 Bergion
857 4421 950 4501 (Mel.
971 4425 1001 4496 2,
1022 4423 1066 4500 5),
1086 4419 1261 4494 Juliacum,
1280 4419 1452 4504 Clipiacun
