2986 5050
295 297 356 360 818
500 295 541 360 V.
562 304 591 358 1.
624 316 808 362 nummum
824 317 1029 364 amaturum
1044 319 1252 366 uuumrrrx.

459 553 498 616 C.
532 551 748 616 Derivatio
770 545 1044 618 consonarum
1065 538 1296 639 multiplci.

378 736 526 824 Triplicis
552 737 757 802 derivationis
777 739 974 804 britannicae
996 739 1143 824 exempla
1163 741 1335 824 quaedam.
1379 747 1409 802 l.
1430 739 1457 804 Si

292 845 452 932 praecedit
474 855 548 908 ante
570 843 730 928 duplicem
753 841 981 908 derivationem
1002 845 1155 930 simplex:
1182 847 1303 910 cambr.
1329 857 1397 909 vet.
1420 845 1458 909 di

290 953 406 1036 puolou
423 955 440 1034 Ι
459 949 510 1013 ich
529 956 547 1028 Ι
564 949 638 1014 et-ic
661 950 930 1034 (manifestatus),
951 973 1003 1014 cre
1014 959 1031 1030 Ι
1042 961 1077 1015 at
1086 957 1103 1036 Ι
1115 951 1219 1015 lecal
1237 951 1407 1034 (genialis)
1420 951 1457 1034 gl.

292 1057 399 1122 Oxon.
447 1059 477 1119 2.
503 1055 538 1120 Si
553 1055 697 1139 sequitur
711 1055 846 1140 simplex
861 1068 934 1142 post
949 1057 1126 1142 duplicem:
1145 1057 1265 1122 cambr.
1283 1079 1343 1122 cen
1354 1064 1373 1142 Ι
1386 1057 1458 1121 a't-ol·

287 1161 376 1246 laid
389 1161 577 1246 (generatio)
593 1161 637 1244 gl.
656 1161 763 1226 Oxon.
785 1163 870 1246 pwel
877 1167 894 1244 Ι
906 1162 991 1246 ed-ip
1002 1167 1018 1240 Ι
1030 1163 1103 1226 aeth
1118 1163 1239 1246 (visio),
1258 1163 1328 1228 oud
1338 1171 1355 1242 Ι
1368 1163 1458 1248 apol-

285 1267 410 1354 lyaetd
430 1265 588 1352 (victoria)
604 1267 693 1330 Mab.
711 1289 825 1331 armor.
849 1269 925 1332 Koa
942 1274 960 1347 Ι
977 1269 1065 1346 el-ll
1083 1291 1119 1332 or
1134 1272 1235 1351 (nom.
1257 1269 1336 1354 viri)
1353 1270 1456 1334 Chart.

291 1375 398 1440 Rhed.
797 1381 799 1386 “

377 1477 603 1564 Quadruplicis
619 1477 835 1556 derivationis,
853 1479 876 1543 i.
891 1467 919 1544 e.
937 1479 965 1543 si
980 1489 1037 1542 aut
1051 1481 1135 1544 duae
1150 1480 1308 1544 formulae
1324 1481 1458 1566 duplices

290 1586 523 1662 consociantur,
539 1594 595 1650 aut
609 1583 779 1648 formulam
795 1584 955 1668 duplicem
967 1607 1033 1649 una
1044 1585 1180 1670 simplex
1191 1587 1361 1672 praecedit
1373 1588 1458 1650 altera

290 1691 444 1775 sequitur,
463 1700 570 1755 essent
590 1691 736 1774 exempla
758 1691 925 1767 cambrica,
943 1691 970 1754 si
988 1692 1082 1754 modo
1097 1691 1191 1756 dictis
1205 1692 1345 1756 vocibus
1358 1693 1457 1778 queit

291 1797 420 1882 dipaetlr
442 1805 475 1860 et
497 1794 758 1881 dipuolouiclzetie
777 1798 964 1864 accederent
979 1796 1190 1860 derivationes
1206 1819 1303 1874 croc,
1323 1799 1409 1874 -aid,
1424 1799 1457 1860 iu

291 1915 329 1972 ut
349 1906 463 1968 fierent
480 1903 565 1987 procl
572 1909 590 1982 Ι
601 1900 687 1986 ed-ip
699 1907 717 1980 Ι
727 1899 883 1966 aeth-awo
905 1901 1134 1985 (visionarius),
1153 1903 1306 1987 da'puolou
1318 1911 1337 1988 Ι
1349 1905 1404 1968 iol
1412 1913 1427 1984 Ι
1435 1927 1457 1966 e

291 2015 333 2082 tic
342 2020 360 2099 Ι
372 2011 430 2078 aid
443 2007 697 2093 (manifestatio).
728 2007 930 2072 Armoricum
951 2007 1135 2094 exemplum
1156 2009 1346 2094 duplicatae
1368 2009 1457 2096 dupli·

291 2121 336 2186 cis
352 2113 555 2184 derivationis
571 2125 620 2178 est
634 2113 766 2178 sortasse
780 2135 899 2178 nomen
913 2115 974 2178 viri
988 2117 1063 2180 Ken
1075 2122 1092 2194 Ι
1104 2115 1162 2178 tle
1174 2121 1191 2193 Ι
1201 2136 1294 2180 rat-an
1311 2139 1412 2202 supra
1423 2116 1457 2180 rl·

289 2227 392 2292 latum
408 2227 455 2309 (p.
475 2223 562 2304 792).

379 2325 597 2410 Quintuplicis
618 2326 669 2390 vel
684 2324 869 2410 sextuplicis
884 2325 1068 2410 exemplum
1083 2325 1291 2404 cambricum,
1311 2327 1342 2390 si
1359 2347 1457 2392 nume

292 2445 382 2501 ratur
405 2435 522 2500 vocalis
538 2433 561 2512 i,
580 2443 629 2496 est
644 2433 788 2498 hodiem.
809 2433 882 2518 llyw
893 2438 911 2511 Ι
922 2434 995 2495 ool-r
1005 2439 1022 2512 Ι
1033 2431 1105 2496 aeth
1116 2439 1133 2511 Ι
1144 2431 1225 2510 i-ad,
1245 2433 1325 2518 llyw
1337 2441 1356 2512 Ι
1369 2434 1458 2514 ilod·
1485 2429 1486 2448 ³

291 2566 311 2608 r
322 2549 339 2627 Ι
350 2541 422 2608 aeth
440 2547 458 2618 Ι
475 2540 547 2604 i-ad
566 2543 729 2622 (exercens
750 2537 891 2602 officium
911 2537 1167 2621 gubernationis,
1192 2539 1425 2621 gubernator),
1445 2560 1458 2600 e
1484 2575 1486 2596 ι

292 2649 397 2715 radice
420 2647 493 2732 llyw
509 2647 654 2729 (remus),
673 2665 754 2728 quae
775 2645 920 2728 augendo
935 2643 1078 2727 procedit
1092 2665 1148 2728 per
1164 2643 1318 2730 llywyaw
1335 2647 1458 2731 (regen)

293 2755 383 2820 Mab.
402 2759 432 2830 3,
453 2757 525 2828 297,
545 2749 756 2837 llywc'uwdyr,
775 2750 961 2834 llywowdyr
976 2749 1196 2833 (gubernator)
1212 2751 1254 2813 ad
1273 2751 1396 2816 formas
1411 2751 1457 2836 lle
1485 2759 1486 2764 ’

294 2858 480 2935 wiodraetlz,
506 2855 724 2944 llywodraeth,
748 2877 822 2918 cum
842 2856 936 2918 verbo
958 2876 1015 2918 suo
1037 2854 1072 2918 in
1094 2855 1222 2933 -aetlzu,
1247 2857 1341 2922 unde
1364 2857 1456 2944 Qec
1485 2857 1486 2860 ’

294 2964 475 3044 droethiad,
494 2959 780 3050 llywiodrcetltiod.

623 3555 797 3626 CAPUT
830 3553 1130 3627 SECUNDUM.

700 3759 758 3830 De
782 3757 1055 3874 compositione.
1481 3719 1483 3846 l

382 3969 629 4056 Compositionis
649 3968 801 4032 facultate
821 3967 933 4052 lingua
954 3967 1066 4032 celtica
1079 3989 1146 4033 non
1161 3969 1249 4082 cedit
1263 3969 1383 4054 linguis
1398 3969 1456 4034 effi

296 4082 403 4158 nibus,
421 4101 513 4163 quae,
532 4091 570 4140 ut
591 4075 707 4152 indica,
732 4095 855 4158 graeca
872 4073 1064 4157 germanica,
1083 4097 1121 4139 ea
1135 4075 1276 4140 maximo
1289 4075 1453 4148 excellunt,

297 4197 329 4248 et
343 4185 438 4268 longe
453 4191 581 4268 superat
596 4202 659 4258 eas,
678 4201 770 4263 quae,
784 4191 822 4244 nt
832 4179 944 4256 latina,
959 4180 1087 4258 slavica,
1101 4183 1213 4246 eadem
1224 4181 1329 4246 minus
1341 4179 1453 4244 valent.

382 4293 412 4352 A
433 4301 560 4354 vetusta
580 4289 765 4374 linguarum
786 4285 934 4350 affinium
953 4287 1164 4370 componendi
1185 4309 1296 4352 norma
1308 4283 1454 4370 generali,

297 4417 377 4478 quae
398 4395 555 4459 vocalium
577 4405 640 4458 tres
661 4392 765 4477 apices
781 4392 821 4468 Α,
839 4393 869 4469 Ι,
887 4391 918 4456 U
934 4391 1046 4456 finales
1064 4392 1215 4476 primitus
1230 4395 1265 4456 in
1279 4391 1455 4457 nominibus
