2978 5054
306 367 368 428 940
519 367 580 430 Vl.
600 371 631 428 2.
662 387 886 430 cossusumuo
900 386 1040 432 uomica
1056 387 1253 432 nrssnsrca.

302 529 377 597 “Ad
392 525 565 600 Hiberniam
581 561 649 600 eum
663 542 872 618 exspectabant
885 543 982 618 angeli
995 543 1044 601 dei
1058 543 1089 600 in
1104 543 1256 614 desiderio,

306 643 407 700 multis
422 644 477 702 visi
493 651 562 702 sunt
576 645 607 701 in
621 645 791 714 visionibus,
808 645 887 719 quod
901 651 1023 703 ventura
1038 651 1137 704 essent
1151 647 1194 703 eis
1208 647 1274 722 ejus
1288 636 1418 706 subsidia'

472 783 520 842 Do
528 779 617 865 [saith
624 785 711 862 sodes
727 805 757 841 co
776 783 781 860 Ι
801 785 892 842 uictor
908 779 918 867 Ι)
936 784 971 843 da
986 785 1022 842 ae
1035 785 1223 843 oridrnlastar

451 935 454 941 .
475 886 575 944 herois
590 886 726 946 immulas
741 886 831 944 imbui
845 880 855 968 Ι)
872 885 1022 976 aeiatcnod
1032 887 1169 962 paluster.
1180 886 1197 920 *

304 989 475 1062 “Processit
489 1006 526 1063 ad
541 1006 691 1064 meridiem
706 1007 742 1064 ad
757 1006 914 1075 Victorem,
934 1006 982 1063 bio
998 1025 1065 1062 eum
1081 1008 1239 1078 arcessivit,

307 1105 379 1162 arsit
392 1107 483 1164 rubus
498 1108 529 1165 in
544 1128 602 1183 quo
618 1109 683 1178 fuit,
704 1128 740 1166 ex
755 1109 822 1184 igne
837 1109 953 1166 locutus
969 1095 1048 1166 est.”

392 1240 604 1306 Assonantiae
624 1243 785 1320 dimidiae,
803 1243 880 1308 item
902 1243 1139 1328 monosyllabae
1160 1245 1211 1308 vel
1225 1245 1397 1330 bisyllabse,
1410 1265 1442 1306 se

309 1345 441 1425 quentia
461 1347 596 1412 disticha
617 1349 682 1412 sint
703 1351 859 1434 exempla,
881 1358 930 1413 10.
951 1357 1002 1413 26.
1029 1357 1067 1413 39
1090 1351 1337 1434 monosyllabae,
1352 1351 1383 1414 iu
1399 1372 1444 1434 qus

308 1451 435 1536 saepius
450 1475 606 1518 consonae
621 1455 701 1518 ratio
717 1456 848 1520 omnino
863 1479 929 1520 non
944 1457 1089 1520 habetur.

440 1599 533 1657 Tuato
551 1599 557 1676 )
576 1600 682 1658 iurand
696 1599 882 1658 tairckantoio
899 1593 909 1680 Ι)
926 1595 1083 1680 ιίοεη)ι’σῙεᾱ
1094 1601 1200 1695 sitdlao
1215 1605 1273 1658 ntia

436 1701 548 1759 meraid
562 1697 627 1783 colli
640 1703 784 1762 omartclle
799 1697 809 1784 ))
829 1702 913 1780 [ocus]
933 1702 1043 1780 ls'dfds
1061 1703 1067 1780 Ι
1087 1705 1125 1761 tir
1143 1703 1149 1780 Ι
1169 1705 1306 1762 temrach.
1317 1703 1347 1734 ¹*

309 1917 459 1973 derivatum
472 1927 503 1973 ut
513 1921 605 1976 somne
619 1922 656 1994 (p.
666 1922 737 1993 750).
751 1921 836 1976 nono
847 1921 961 1987 tulisti,
976 1923 1131 1994 frequenter
1142 1923 1194 1976 visi
1206 1929 1281 1987 sunt,
1296 1922 1315 1974 i.
1328 1939 1351 1975 e.
1364 1921 1446 1980 multu

308 2010 351 2056 est
373 2003 454 2057 etium
477 2005 506 2058 in
524 2007 648 2077 sequenti
667 2007 749 2060 verbo
767 2025 916 2078 pronomen
934 2009 1075 2079 personale
1093 2007 1207 2061 infixum
1226 2007 1333 2060 numeri
1350 2005 1446 2078 pluralis

307 2087 445 2158 domcbset
460 2091 558 2159 cloicsst
570 2093 607 2163 (p.
622 2093 683 2162 495)
698 2110 759 2146 cum
772 2110 849 2162 pron.
863 2093 912 2146 inf.
926 2111 981 2146 -sa-
993 2093 1053 2146 loco
1065 2093 1159 2147 dativi.
1172 2091 1284 2145 aad&
1294 2109 1343 2161 pro
1353 2087 1450 2161 oss-illic

309 2174 430 2243 ejusdem
443 2175 544 2242 termae
556 2195 617 2230 cum
629 2177 719 2244 otto,
733 2176 828 2230 aitliss
843 2177 997 2248 (oppositio,
1013 2178 1200 2248 contradictio)
1214 2177 1280 2232 Wb.
1298 2173 1351 2230 13⁵.
1367 2178 1411 2238 15⁴,
1422 2175 1447 2245 pl

310 2257 375 2311 bano
393 2259 501 2314 oitbcbss'
513 2261 561 2332 (gl.
575 2262 746 2334 improperia)
761 2264 825 2318 Wb.
840 2267 877 2328 6⁰,
891 2263 965 2316 unde
976 2262 1122 2332 aitaoiqad
1136 2263 1228 2333 (rrobd
1241 2258 1448 2330 mutand.

309 2344 347 2413 gl.
361 2345 402 2398 fui
421 2347 640 2410 contumeliosus,
656 2347 704 2418 eis)
719 2348 783 2402 Wb.
799 2351 853 2402 28⁸.
879 2347 993 2402 Videtur
1010 2349 1155 2402 statuenda
1172 2343 1333 2418 compositio
1351 2363 1449 2405 eunus

310 2430 381 2482 utin
393 2429 485 2496 circes,
496 2431 570 2498 iress,
586 2450 648 2503 geu.
662 2431 739 2486 irisss
752 2432 900 2503 (instantis,
911 2433 998 2504 fides),
1008 2451 1073 2505 ergo
1085 2433 1183 2488 aithess
1195 2433 1363 2504 (obstantis),
1372 2441 1396 2486 st
1405 2429 1451 2482 luit

310 2515 596 2586 contrariumsritloess
610 2517 764 2587 (adstantia,
779 2517 931 2588 opitulatio,
946 2517 1119 2589 subsidium).

379 2601 392 2628 ⁶
409 2601 541 2656 Narratur
554 2603 599 2656 hio
611 2603 770 2657 miraculum
782 2603 996 2656 annuntiationis
1008 2604 1102 2657 mortis
1115 2604 1143 2658 S.
1158 2604 1269 2658 Pstuicii
1282 2623 1330 2676 per
1341 2605 1452 2656 Victum

310 2685 368 2754 ejus
380 2687 507 2756 angelum
520 2688 668 2752 custodem,
683 2689 746 2742 inde
758 2706 775 2741 s
786 2688 849 2742 dist.
863 2691 906 2752 2³,
921 2689 995 2758 quod
1007 2688 1118 2759 incipit=
1134 2689 1243 2758 pseaic
1255 2690 1371 2742 dsbmboi
1380 2687 1454 2741 iub·

311 2769 353 2839 (P.
374 2787 435 2823 cum
452 2771 506 2825 fuit
523 2773 552 2825 in
569 2773 746 2844 infirmitate).
765 2771 884 2842 dosoitb,
901 2773 1038 2842 proiectus
1056 2780 1106 2838 est,
1120 2792 1235 2846 proquo
1251 2777 1354 2829 rectius
1370 2773 1453 2826 videtu

310 2854 416 2922 rv‘os'd5
436 2857 509 2926 spud
527 2857 596 2911 O'R.
610 2859 686 2912 locus
703 2853 839 2930 profertur
856 2859 936 2912 etium
954 2876 988 2911 ex
1007 2858 1108 2929 hymno
1126 2859 1154 2911 in
1174 2859 1202 2912 S.
1222 2859 1368 2929 Brigitnm
1386 2853 1453 2926 roju't

310 2939 416 3009 aspirat
431 2942 542 2996 mlum
553 2943 624 2996 nimo
638 2943 785 3014 (profectus
798 2952 840 2998 est
851 2943 962 3014 spiritus
973 2944 1032 3014 ejus
1044 2943 1079 2998 ad
1091 2944 1217 3014 coelum).
1238 2944 1360 3012 rosdided
1371 2943 1454 3016 (irrisus¹

309 3031 360 3088 est,
374 3043 402 3096 p.
416 3028 478 3097 969)
493 3028 582 3082 differt
593 3029 716 3083 sortasse.
733 3030 920 3092 andreia-star,
933 3029 1055 3098 yoloetm
1067 3028 1168 3084 formae
1180 3037 1266 3099 praet.
1280 3031 1414 3083 verborum
1423 3041 1454 3074 w

309 3111 395 3175 ratur,
408 3113 489 3180 palor
501 3113 693 3168 obsoletorum.
716 3117 760 3168 Ex
771 3115 819 3169 illo
831 3114 969 3168 residuum
981 3113 1089 3166 videtur
1100 3113 1169 3184 gsel.
1184 3113 1272 3166 subet.
1286 3115 1364 3167 arrei
1375 3115 1455 3184 (supet¹

309 3194 364 3260 bia,
378 3199 552 3270 arrogantis),
567 3200 590 3253 si
602 3200 636 3254 de
648 3201 839 3271 provocatione
851 3199 966 3252 aliorum
978 3197 1153 3269 intelligitun
1176 3217 1210 3253 ex
1222 3199 1275 3252 hoc
1288 3199 1395 3270 quiden
1404 3191 1455 3248 nihi

310 3291 441 3352 superest,
456 3284 509 3338 nisi
525 3285 594 3340 forte
612 3286 698 3340 subst.
719 3285 863 3349 ansoldum,
884 3284 1000 3336 aeolum
1013 3283 1161 3354 (allocutio,
1176 3301 1203 3354 p.
1218 3285 1280 3355 839)
1294 3281 1456 3338 reducendus

310 3373 352 3418 est
370 3368 405 3420 ad
423 3370 568 3439 adpotum,
582 3379 624 3426 est
640 3380 731 3426 tamen
747 3369 996 3441 frequentissimum
1012 3369 1102 3422 adhuc
1120 3369 1221 3422 cambr-
1239 3369 1316 3422 verb.
1333 3371 1399 3438 patu
1413 3365 1455 3432 (w-

310 3453 392 3523 csre).
408 3453 501 3510 mauis
513 3463 598 3526 praet.
609 3475 635 3510 v.
645 3455 739 3510 hesim
753 3456 866 3527 (ordeo),
876 3455 949 3508 unde
962 3453 1045 3506 mair
1057 3453 1183 3524 (flamma)
1192 3462 1221 3507 et
1233 3453 1356 3507 lonircbe
1364 3447 1456 3523 (ardoni

310 3537 444 3606 inimicias,
459 3541 593 3601 immine,-
606 3541 703 3606 maone,
717 3541 811 3594 rubus.
831 3541 865 3594 In
879 3541 989 3594 vocibus
1001 3539 1158 3593 recentioris
1169 3540 1326 3610 scriptionis
1337 3555 1401 3592 usus
1411 3529 1458 3586 Μ’·

310 3626 365 3704 aad
380 3634 422 3679 est
438 3627 516 3681 facile
535 3628 626 3682 videre
644 3635 699 3682 set.
712 3627 859 3692 osinmod,
874 3645 907 3680 ex
926 3626 999 3696 igne,
1013 3643 1030 3678 s
1050 3629 1107 3678 tene
1126 3625 1230 3696 (ignis),
1248 3626 1333 3690 teneti,
1349 3621 1460 3682 ΜΠ)

312 3713 385 3779 terspe
399 3711 523 3784 (lingua),
539 3713 594 3767 dat.
610 3712 706 3782 999αᾶ
717 3711 754 3782 (p.
770 3715 829 3764 772.
843 3713 916 3782 279).

366 3795 393 3822 ”
412 3795 474 3850 Hoc
487 3798 558 3852 inter
570 3798 694 3862 disticha,
709 3813 777 3868 quae
791 3796 970 3850 dedesiderio
983 3795 1117 3850 adventus
1129 3796 1158 3850 S.
1173 3795 1284 3849 Patricii
1295 3795 1371 3866 apud
1382 3791 1460 3847 ffibe

310 3897 361 3935 nos
373 3881 503 3936 referunt.
523 3882 719 3946 Toirctontos'a
731 3899 819 3952 prees.
832 3899 885 3935 seo.
900 3881 975 3935 verbi
987 3881 1168 3945 doorcbamm,
1183 3880 1344 3934 tois-clanim
1360 3881 1397 3952 (p.
1404 3875 1460 3942 sut

310 3967 361 4030 sid,
370 3968 425 4020 aaa
440 3967 511 4039 (pax,
521 3987 548 4040 p.
557 3970 618 4040 74);
632 3985 681 4040 pro
693 3966 815 4020 sitbloith
827 3966 907 4038 posui
917 3966 1026 4030 sithlao,
1042 3983 1103 4019 oum
1115 3966 1183 4020 ucat
1194 3966 1232 4020 sit
1243 3965 1331 4018 forma
1341 3959 1461 4032 incogniti

311 4052 424 4106 vetustis
439 4053 476 4125 (p.
490 4053 551 4125 280)
565 4061 594 4108 et
610 4053 691 4106 luitha
709 4059 802 4106 conus
819 4059 945 4105 metrum.
959 4052 1014 4104 nuo
1030 4068 1105 4104 more
1123 4051 1204 4104 solito
1222 4067 1273 4121 pro
1290 4051 1342 4103 nde
1355 4051 1393 4120 (p.
1405 4045 1462 4112 Sit]-

311 4137 422 4204 nzeroid,
437 4139 511 4210 qnod
528 4146 658 4204 maneret,
672 4155 759 4209 praes.
780 4137 891 4191 secund.
905 4153 971 4190 usus
984 4135 1158 4207 conjunctivi,
1174 4134 1222 4188 sed
1234 4135 1316 4188 etism
1329 4133 1410 4188 indie.
1421 4145 1462 4182 a*

311 4221 385 4276 raith
399 4223 427 4278 in
440 4225 557 4278 disticho
577 4243 592 4279 e
605 4225 653 4296 ὃς.
667 4241 748 4296 supra
759 4223 851 4276 allato.
865 4225 926 4287 coit,
941 4222 1028 4274 donec
1039 4221 1115 4274 venit
1128 4221 1165 4291 (p.
1179 4219 1253 4290 493).
1279 4220 1381 4273 Vocem
1392 4229 1464 4270 cu·

311 4307 380 4377 toiqe
398 4311 477 4363 metri
495 4327 575 4364 causa
592 4317 668 4363 muto
686 4310 715 4363 in
732 4309 876 4372 omortcle,
892 4325 946 4379 que
963 4305 1032 4360 nihil
1050 4305 1232 4375 significatum
1249 4321 1309 4358 esse
1326 4295 1465 4375 potesta&

311 4391 468 4460 destructio,
488 4395 638 4468 composita
653 4395 756 4448 scilicet
773 4411 788 4446 e
807 4400 876 4464 part.
896 4391 993 4462 privat.
1013 4409 1068 4444 om·
1081 4399 1109 4444 et
1127 4390 1249 4443 derivate
1265 4387 1378 4454 orbitis,
1391 4381 1466 4440 erkl·

312 4475 350 4546 (p.
366 4481 424 4532 776.
440 4481 500 4550 779)
514 4499 548 4535 ex
566 4487 612 4534 ort
624 4480 741 4550 (domus,
755 4479 819 4534 item
839 4477 929 4549 lapis).
955 4479 1028 4530 Ante
1047 4475 1091 4530 bid
1105 4475 1171 4528 item
1183 4467 1264 4528 metri
1276 4491 1357 4528 ceusu
1369 4469 1466 4542 suppio
