3004 5066
248 335 430 380 serenum.
464 337 629 380 sanctuar
646 337 773 380 conrors
792 337 968 381 urusnnrcr
987 339 1045 381 nn.
1157 319 1237 380 1063

73 485 175 570 scripsi
189 507 261 550 mea
277 507 392 561 mauu3
416 507 475 569 ego
490 487 631 563 reddam,
650 497 687 550 ut
705 487 795 572 [non]
813 487 916 550 dicam
934 483 1033 564 tibi,²²
1055 489 1140 570 quod
1156 499 1188 551 ct
1205 499 1236 551 te

73 592 168 674 ipsum
189 591 272 654 mihi
295 587 431 656 debes.²³
461 594 512 656 Ita
533 588 663 656 frater²⁴
687 613 746 676 ego
767 604 797 655 te
819 593 906 656 frum
921 593 952 654 in
970 594 1117 669 domino;
1142 596 1234 658 refice

72 697 180 760 viscera
202 719 276 761 mea
298 698 333 760 in
353 695 526 762 domino.²⁵
555 699 728 762 Confidens
749 701 789 762 de
811 699 991 763 obedientia
1011 695 1100 762 tua²“
1123 700 1233 783 scripsi

72 803 132 880 tibi,
146 803 250 868 sciens
266 805 418 888 quoniam
432 815 465 868 et
480 825 574 888 super
587 803 621 866 id
633 803 718 887 quod
730 805 800 867 dico
812 800 950 868 facies.²⁷
973 805 1078 869 Simul
1090 816 1197 869 autern
1206 801 1234 842 ²⁸

69 921 98 972 et
117 933 190 994 para
212 911 296 973 mihi
319 910 505 995 hospitium,
523 929 599 973 nam
621 931 712 994 spero
733 931 790 993 per
812 911 970 974 orationes
986 923 1104 976 vestras
1121 911 1233 974 donari

69 1037 114 1078 me
134 1011 268 1078 vohis.²⁹
300 1017 438 1083 salutat
462 1028 493 1080 te
515 1017 682 1100 Epaphras
704 1017 908 1099 concaptivus
931 1039 1022 1080 meus
1046 1018 1079 1080 in
1103 1019 1232 1081 Christo

67 1117 180 1198 Jesu,³⁰
201 1124 345 1200 Marcus,
363 1122 578 1198 Aristarchus,
597 1123 716 1186 Damas
736 1135 768 1186 et
784 1119 928 1200 Lucas,²³¹
951 1123 1110 1206 adjutores
1126 1119 1231 1187 mei.³²

67 1227 171 1292 Gratia
186 1228 311 1292 domini
326 1228 428 1293 nostri
441 1231 461 1292 J
465 1249 521 1292 esu
537 1227 657 1293 Christi
673 1250 746 1292 cum
762 1229 877 1312 spiritu
893 1239 997 1292 vestro
1012 1223 1148 1292 amen.³³

225 1569 264 1632 F.
311 1567 555 1652 Specimeu
587 1567 851 1652 glossarum
881 1569 1063 1634 codicis

446 1672 837 1738 Mediolanensis.

111 1881 136 1942 E
157 1877 419 1963 praefatione
440 1877 524 1940 divi
547 1877 789 1962 Hieronymi
811 1878 852 1940 in
873 1880 1045 1963 psalmos
1063 1883 1180 1966 juxta

214 1983 449 2048 hebraicam
471 1981 685 2047 veritatem
707 1985 755 2047 ad
779 1984 1067 2068 Sophronium.

143 2219 217 2285 Scio
227 2219 503 2303 quosdamputare
511 2215 696 2300 psalterium
705 2216 738 2279 in
747 2219 888 2304 quinque
896 2221 992 2285 libros
1000 2245 1068 2287 esse
1076 2225 1226 2301 divisum,

64 2339 96 2389 ut
115 2327 301 2409 ubicunque
324 2325 408 2408 apud
432 2321 636 2406 septuaginta
657 2323 845 2409 interpretes
866 2325 1020 2412 scriptum
1036 2340 1084 2393 est
1100 2327 1227 2414 γένοιτο

64 2428 194 2516 γένοιτο,
208 2433 242 2496 id
256 2441 315 2508 cst,
330 2431 465 2506 fiatfiat,
480 2427 553 2492 finis
565 2429 718 2493 librorum
730 2431 782 2508 sit,
798 2453 855 2514 pro
867 2455 930 2515 quo
942 2433 975 2495 in
989 2437 1138 2500 Hebraeo
1151 2437 1227 2522 logi-

65 2551 111 2601 tur
124 2561 220 2604 amen
236 2557 342 2601 amen.
374 2537 442 2600 Nos
458 2545 567 2598 autem
582 2535 803 2600 Hebraeorum
819 2537 1039 2602 auctoritatem
1055 2543 1182 2624 sequuti
1198 2555 1230 2606 et

63 2645 194 2708 maximo
217 2643 446 2728 apostolorum,
464 2641 519 2724 qui
540 2663 663 2725 semper
678 2641 712 2705 in
728 2665 811 2706 novo
827 2653 1019 2708 testamento
1034 2647 1229 2729 psalmorum

63 2749 173 2814 librum
188 2750 370 2824 nominant,
385 2770 488 2811 uuum
503 2747 673 2811 asserimus
688 2749 884 2832 psalmorum
899 2751 1060 2814 volumen.
1082 2801 1088 2814 .
1111 2802 1117 2814 .
1137 2755 1227 2838 Moy-

63 2879 107 2918 ses
127 2879 256 2940 quoque
272 2867 304 2919 et
319 2854 500 2918 Hieremias
516 2866 548 2916 et
563 2853 659 2917 ceteri
674 2853 709 2916 in
724 2855 811 2918 hunc
826 2855 976 2920 modum¹
999 2857 1117 2921 multos
1133 2859 1228 2923 habe-

62 2973 127 3026 rent
141 2963 254 3039 librm,
268 2961 324 3045 qui
338 2962 373 3024 in
387 2959 501 3024 mediis
516 2959 734 3024 voluminibus
750 2961 815 3025 suis
832 2985 924 3026 amen
940 2964 1120 3050 frequenter
1131 2965 1228 3030 inter-

63 3081 177 3134 serunt.
212 3069 278 3133 Sed
298 3079 330 3131 et
344 3087 496 3131 numerus
511 3065 628 3150 viginti
642 3067 779 3130 duorum
794 3067 946 3131 librorum
962 3067 1182 3134 hebraicorum
1197 3085 1229 3136 et

63 3175 247 3259 mysterium
270 3175 411 3260 ejusdem
432 3171 558 3236 numeri
578 3173 837 3236 commutabitur.
870 3175 954 3236 Nam
977 3187 1009 3238 et
1033 3175 1146 3239 titulus
1161 3177 1228 3261 ipse

62 3279 238 3360 hebraicus,
263 3281 375 3366 sepher
397 3277 546 3356 tehillim,
569 3277 654 3362 quod
675 3279 903 3364 interpretatur
924 3279 1073 3344 volumen
1094 3283 1227 3367 hymno·

62 3409 138 3466 rum,
149 3389 343 3473 apostolicae
354 3384 536 3450 auctoritati
548 3406 737 3468 congruens,
750 3407 815 3448 non
828 3386 935 3470 plures
944 3385 1052 3465 libros,
1063 3389 1118 3452 sed
1127 3413 1229 3454 unum

126 3667 159 3716 22
180 3681 210 3715 .1.
231 3661 343 3714 dimach
358 3660 466 3714 camach
478 3660 498 3713 i.
512 3659 541 3712 in
553 3660 717 3714 orationahua
728 3665 794 3714 ateio
807 3663 826 3715 t.
840 3664 990 3734 ωηὼμονεα
996 3665 1083 3734 fle'tao
1095 3663 1187 3734 dopna
1201 3669 1230 3717 ni

62 3747 116 3800 datr
129 3768 158 3802 .ι.
172 3752 204 3802 ni
215 3751 289 3817 sinder
301 3749 348 3800 scia
360 3753 386 3800 et
398 3745 605 3814 niairbiierfiitt

126 3837 159 3888 23
175 3853 204 3887 .1.
217 3834 349 3901 alsaciam
361 3833 421 3884 dom
433 3837 459 3886 et
470 3831 586 3902 daiupub
598 3835 645 3886 aaa
655 3851 708 3902 pro
719 3834 904 3905 saram'p[t]ionc
913 3835 969 3888 neas
981 3835 1037 3888 us'ri
1065 3838 1095 3886 tt
1109 3837 1169 3886 atta
1181 3834 1227 3886 im.

61 3917 147 3972 cahier
159 3937 207 3990 epo
221 3921 247 3972 te'
258 3919 293 3972 rt.
331 3923 363 3971 25
383 3918 494 3972 matach
505 3919 566 3970 dom
577 3918 745 3972 aoirits'uaom

127 4009 160 4058 26
178 4011 222 4058 act
234 4003 362 4058 dorrorm
373 4003 548 4074 corisrtbsom
561 4004 647 4074 dopnat
657 4023 684 4074 q.
699 4005 757 4057 dico
793 4007 823 4056 27
839 4003 883 4056 bid
894 4006 936 4056 aaa
948 4004 1124 4073 donpenaesiu
1137 4004 1228 4058 oldoas

60 4089 267 4157 rosoriladauout

127 4181 160 4230 28
178 4177 300 4230 Ioairitia
313 4176 438 4229 oneasimi
471 4179 503 4228 29
524 4194 552 4230 .ι.
566 4177 702 4244 rosetorsa
714 4173 833 4228 abartbir
845 4175 907 4227 uait
920 4171 1074 4229 cortricubca
1087 4175 1178 4230 atcuib

125 4266 160 4316 30
177 4269 281 4316 arnam
298 4261 401 4316 arndiis
422 4259 562 4331 ieeeanriaq
581 4260 699 4314 orchrt'at
769 4264 798 4313 31
820 4259 889 4312 bert'r
909 4259 1104 4316 doiacohomarc
1123 4263 1230 4317 tantast

62 4346 127 4400 tatia·
160 4353 193 4402 32
212 4349 328 4418 tprecept
364 4351 395 4400 33
417 4366 445 4400 .1.
453 4349 580 4416 sortucht
592 4347 631 4400 dat
644 4347 680 4398 lib

132 4433 194 4502 (Ml.
209 4433 249 4504 2⁶)
291 4438 301 4485 1
324 4453 352 4487 .1.
367 4435 430 4486 arrad
432 4435 551 4504 forcona
564 4431 644 4486 libari·
656 4433 724 4485 rrach
737 4450 830 4500 suaper
845 4432 939 4484 imbutis
953 4451 1029 4486 (carten
1043 4433 1114 4486 indat
