3004 5066
127 355 302 402 mennon.
334 355 501 401 sesemen
516 357 643 402 conteis
660 357 1023 404 uiesan1c11³msc1sn1
1040 359 1089 404 sn.
1139 341 1220 404 1015

73 506 183 591 placuit,
203 528 258 589 pro
277 527 299 589 p
322 514 354 568 et
369 504 402 581 b,
421 505 438 568 1
448 505 553 581 scribi,
572 517 609 569 ut
623 505 717 582 fama,
737 505 836 582 filins,
854 506 946 584 facio,
963 507 1032 570 loco
1047 517 1154 572 eutem
1170 509 1216 572 di·

71 631 178 692 gamma
193 611 221 672 V
234 631 291 693 pro
306 609 534 686 consonante,¹
555 611 640 692 quod
655 609 844 694 cognatione
859 607 952 676 soni²
967 610 1132 678 videbatur
1146 614 1215 678 affi-

71 714 113 778 nis
125 709 203 780 esse³
216 716 377 800 digamma
390 737 429 779 ea
442 715 544 780 litera.
571 718 678 784 Quare
694 737 769 780 cum
783 717 879 782 floco
893 727 1001 782 mutae
1015 729 1165 802 ponatur,
1182 719 1215 782 id

70 831 118 895 est,
131 842 150 902 p
169 831 201 884 et
219 821 321 886 hsive
335 845 373 910 φ,
389 819 506 886 miror⁴
526 821 609 884 bano
624 821 708 885 inter
722 821 924 886 semivocales
939 823 1083 905 posuisse
1097 824 1215 888 artium

69 922 223 1007 scriptores.
255 926 349 992 Nihil
369 928 455 992 enim
475 927 563 992 aliud
585 926 682 990 babet
703 926 780 990 baec
802 926 894 990 litera
914 927 1129 1004 semivocalis,
1151 929 1213 992 nisi

68 1029 186 1096 nominis
207 1031 426 1114 prolationem,
444 1055 526 1116 qnae
548 1055 567 1096 a
591 1031 691 1096 vocali
713 1030 837 1115 incipit.
871 1033 935 1096 Sed
950 1033 1010 1096 boc
1024 1044 1214 1117 potestatem

67 1131 177 1198 liuns*
191 1146 314 1200 mutare
328 1159 394 1202 non
409 1137 531 1202 debuit.
563 1136 600 1200 Si
614 1137 700 1202 enim
715 1149 798 1200 esset
812 1137 1020 1214 semivocalis,
1037 1139 1214 1206 necessario

67 1240 221 1304 terminabo
248 1239 436 1306 nominum⁶
456 1243 672 1319 inveniretur,
696 1243 781 1325 quod
803 1241 935 1306 minime
956 1241 1132 1325 reperies,⁷
1154 1265 1213 1308 nec

64 1355 125 1408 ante
142 1345 154 1408 l
174 1347 223 1410 vel
244 1369 260 1410 r
277 1347 312 1410 in
327 1349 436 1412 eadem
451 1348 574 1432 syllaba
587 1347 664 1432 poni
678 1358 796 1431 posset,
813 1346 869 1430 qui
883 1347 973 1410 locus
988 1357 1152 1412 mutarum
1166 1360 1214 1414 est

64 1447 236 1528 dmunt,⁸
258 1474 318 1516 neo
339 1473 541 1518 communem
560 1463 636 1516 ante
655 1453 782 1516 easdem
797 1451 901 1536 posita
914 1452 1031 1516 faceret
1044 1452 1210 1535 syllabam.

63 1553 209 1622 Postremo
224 1559 352 1636 Graeci,
370 1559 486 1643 quibus
507 1557 541 1622 in
564 1558 652 1622 omni
672 1558 816 1622 doctrina
836 1557 1019 1622 auctoribus
1036 1555 1167 1632 utimur,
1186 1579 1213 1643 φ

61 1659 138 1744 cujus
156 1662 263 1728 locum
282 1665 370 1747 apud
389 1687 449 1729 nos
470 1663 487 1726 f
502 1663 635 1739 obtinet,
653 1664 739 1747 quod
760 1660 939 1726 ostenditur
957 1660 993 1724 in
1007 1659 1057 1724 his
1073 1661 1213 1728 maxime

60 1763 249 1846 dictionibus,
267 1791 346 1852 quas
368 1792 387 1833 a
402 1768 533 1834 Graecis
554 1765 763 1844 sumsimus,⁹
777 1767 837 1830 hoo
852 1775 911 1842 est,
930 1765 1025 1842 fama,
1043 1765 1130 1848 finge,
1148 1765 1210 1842 fin,

59 1881 167 1938 natm
188 1894 259 1938 esse
280 1875 480 1938 oonfinnant.
514 1872 686 1938 Sciendum
707 1884 826 1948 tamen,
845 1873 931 1954 quod
952 1869 1005 1934 hic
1025 1891 1151 1953 quoque
1167 1892 1213 1934 er·

59 1973 133 2040 ror¹⁰
151 2000 170 2040 a
190 1977 383 2069 quibusdam
398 1977 538 2061 antiquis
553 1979 748 2042 Graecorum
762 1973 977 2058 grammaticis
992 1973 1110 2040 invasit
1125 1974 1213 2038 Lati·

57 2101 116 2157 nos,
126 2079 147 2116 ¹¹
170 2082 227 2164 qui
251 2104 277 2168 φ
300 2091 332 2146 et
352 2085 381 2146 θ
400 2092 432 2146 et
446 2105 466 2161 χ
481 2081 684 2148 semivocales
699 2083 868 2164 putabant,
885 2080 976 2146 nulla
992 2078 1055 2142 alia
1069 2101 1176 2156 causa,
1187 2075 1213 2114 ¹²

56 2186 109 2250 nisi
128 2189 211 2270 qnod
228 2181 392 2271 spiritus¹³
413 2186 448 2252 in
469 2186 515 2252 eis
530 2188 683 2262 abundet,
700 2185 835 2252 inducti.
868 2187 963 2255 Quod
973 2183 999 2220 ¹⁴
1015 2185 1042 2250 si
1064 2197 1147 2250 esset
1162 2207 1213 2250 ve·

54 2313 126 2369 rum,
142 2293 256 2358 debuit
276 2315 293 2358 c
315 2313 441 2374 qnoque
462 2291 512 2356 vel
535 2302 549 2355 t
570 2291 679 2356 s'ddita
699 2291 891 2374 aspiratione
911 2291 1107 2356 semivocalis
1130 2313 1209 2368 esse,

54 2399 129 2478 qnod
149 2397 240 2464 omni
254 2407 340 2464 caret
354 2396 487 2462 ratione.
520 2395 659 2480 Spiritus
668 2393 694 2430 ¹⁵
716 2393 803 2460 enim
817 2407 1008 2481 potestatem
1022 2397 1132 2462 literae
1146 2417 1212 2462 non

53 2515 163 2580 nutat,
194 2505 284 2568 unde
312 2523 371 2568 nec
400 2501 524 2566 vocales
553 2501 663 2566 addita
687 2501 879 2586 aspiratione
909 2498 1026 2566 aliae¹⁸
1053 2504 1155 2578 fiunt,
1180 2513 1213 2566 et

52 2606 158 2674 aline¹⁷
179 2631 218 2678 ea
241 2609 358 2674 demta.
391 2608 465 2672 Hoc
487 2617 594 2692 tamen
615 2606 694 2673 scire
716 2607 879 2684 debemus,
898 2610 984 2694 quod
997 2629 1063 2674 non
1078 2608 1151 2672 fixis
1166 2608 1211 2672 la-

50 2709 140 2778 bris¹⁸
155 2726 206 2782 est
221 2712 460 2797 pronuntianda
474 2713 497 2789 f,
515 2713 673 2796 quomodo
688 2734 709 2795 p
724 2723 757 2774 et
772 2711 804 2788 h,
816 2709 842 2748 ¹⁰
857 2723 953 2796 atque
968 2713 1028 2778 hoc
1044 2713 1148 2778 solum
1163 2712 1211 2774 in-

51 2829 148 2884 terest.
158 2814 187 2856 ²⁰
218 2819 253 2884 X
277 2818 374 2885 etiam
393 2817 555 2902 duplicem
569 2817 638 2882 loco
653 2840 669 2880 c
684 2829 717 2884 ct
731 2839 746 2880 s
762 2817 812 2882 vel
826 2840 848 2902 g
862 2828 895 2880 et
910 2840 936 2894 s,
953 2829 1064 2902 postea
1079 2839 1098 2881 a
1113 2818 1211 2882 Grae·

49 2921 89 2986 cis
108 2924 286 3000 inventam,
303 2921 523 2990 assumemus.
555 2924 590 2986 K
611 2921 697 2986 enim
718 2931 750 2984 et
771 2944 803 3004 q,
820 2923 965 3005 quamvis
986 2925 1089 3008 figura
1109 2934 1141 2986 et
1155 2944 1211 2988 no·

47 3028 126 3096 minc
148 3030 319 3097 videantur
340 3029 480 3110 aliquam
500 3027 616 3093 habere
637 3026 859 3104 differentiam,
877 3050 950 3092 oum
970 3051 987 3094 c
1010 3040 1116 3098 tanen
1137 3051 1211 3097 ean-
1290 3107 1292 3110 ,

47 3135 124 3211 dem,
142 3147 211 3202 tem
235 3134 269 3200 in
292 3154 370 3200 sono
391 3154 506 3198 vocum
526 3153 623 3215 quam
644 3132 679 3198 in
697 3143 809 3210 metro,
827 3133 994 3198 continent
1007 3143 1207 3216 potestatam.

47 3237 84 3302 Et
104 3239 126 3302 k
146 3239 281 3323 quidem
302 3238 431 3322 penitus
452 3259 649 3320 supervacua
668 3249 733 3312 est;
758 3238 848 3302 nulla
867 3237 954 3302 enim
976 3237 1057 3302 ratio
1072 3237 1208 3313 videtur,

57 3431 249 3444 ··—-——·-—

107 3568 158 3638 (6¹)
200 3566 602 3628 1.1.iotanmtcarctomatn
646 3570 661 3619 2
673 3565 773 3638 soquir
814 3569 961 3622 doomocuc
973 3567 1212 3640 qsopurds'bldnct'b

41 3656 55 3704 1
72 3652 271 3708 madon
292 3669 321 3704 .ι.
341 3649 494 3708 icmacltdad
510 3652 556 3708 tvi
591 3658 606 3706 5
624 3651 843 3708 aaumeatetttt
860 3653 1011 3708 eumelus
1027 3651 1101 3706 adiri
1110 3653 1211 3708 tedoin-

40 3738 267 3808 meismet.
303 3735 703 3809 bsorcea‘ntfibsaamonuiuts
740 3736 908 3795 tacttaaou
920 3736 1074 3808 (sicJsdieiu
1108 3738 1212 3792 bouill

38 3821 240 3878 rohetdacltast

106 3911 123 3960 9
144 3907 187 3978 (in
198 3908 296 3979 marg.)
311 3907 393 3964 stetu
408 3904 550 3963 mmet
568 3905 632 3960 tect
642 3905 735 3976 praedi
746 3910 760 3958 1
774 3904 986 3973 mttattsoratt
999 3903 1070 3958 linai
1080 3909 1092 3958 1
1106 3904 1167 3960 mm
1179 3906 1212 3960 it

37 3991 136 4048 aas&
145 4010 203 4049 am.
212 3992 305 4048 cocao
317 3998 349 4048 ut
359 3990 512 4061 dictemus
525 3990 553 4046 ἐκ
566 3991 623 4046 loti.
634 3991 722 4046 aaron
729 3991 864 4065 ploeua'ts
871 3988 1013 4060 uspsact’o
1051 3992 1081 4042 to
1096 4008 1124 4043 .1.
1135 3992 1211 4044 ciram

30 4077 54 4142 s
60 4077 225 4146 hamram.
264 4080 292 4132 ll
315 4095 343 4130 .ι.
359 4082 398 4130 iva
409 4075 547 4130 insumit
558 4076 621 4130 iimo
633 4093 740 4146 ωψσε
752 4074 946 4130 comrot'rcnccl

108 4165 142 4213 12
162 4163 285 4214 dramtar
302 4159 410 4216 manta·
424 4160 478 4214 aaut
492 4163 576 4216 dunel
585 4154 693 4229 focluti
711 4160 778 4216 ciba
850 4163 879 4214 13
900 4159 1008 4230 tinplssd
1077 4162 1108 4212 14
1125 4160 1212 4214 assisis

40 4251 69 4298 15
93 4246 228 4316 ampheo
273 4249 304 4300 16
322 4243 395 4298 taini
436 4248 465 4296 11
484 4245 556 4298 sciui
599 4248 630 4300 ts
649 4243 813 4300 auttmuit
831 4246 850 4300 1.
870 4244 988 4298 cumcoid
1033 4247 1063 4296 111
1083 4242 1120 4298 tri
1137 4244 1214 4298 beulu

36 4329 126 4384 acus·
174 4333 206 4382 20
224 4329 293 4384 iuter
303 4331 330 4400 s
342 4336 369 4384 et
388 4330 457 4384 obbo
468 4336 555 4385 mutas
570 4332 693 4400 .1.fopur
707 4335 752 4384 bn.
766 4328 1094 4398 nodadeb'ysdarsn'mutc
1107 4332 1121 4382 'l
1133 4327 1214 4394 bunut

34 4413 255 4470 darachuilat'ds'
