2978 5054
228 421 287 486 VI.
308 426 338 484 2.
367 440 591 486 mastrucam
607 439 744 484 eoerron
760 439 959 484 arsamum.
1118 419 1182 482 945

148 584 245 654 “Dixit
259 597 418 655 Patricius:

55 697 182 773 elingit,
199 703 329 756 osancta
342 705 444 768 mater,
464 718 482 755 o
497 699 614 758 flamma
627 699 690 760 auri
705 699 805 760 Dosiio

53 799 143 874 mgna
154 819 236 858 annos
250 799 428 868 infidelibus,
447 801 569 860 benedic
584 801 744 858 Hiberniae
757 809 826 876 post
839 805 902 858 me!

53 901 150 958 Benedic
163 901 315 960 Hiberniae
330 901 410 959 omni
425 903 499 972 loco,
519 903 642 966 benedic
657 902 737 962 Ultio
752 910 782 960 et
797 902 966 972 Conachtis,

51 1002 143 1060 benedic
162 1004 276 1080 lingniis
297 1005 376 1064 omni
396 1012 536 1083 tempore,
555 1013 586 1064 ct
604 1023 719 1082 semper
739 1005 861 1064 benedic
881 1005 950 1066 viris
966 993 1179 1064 Momoniae!”

46 1185 212 1198 -——-—--

49 1299 79 1353 be
93 1319 144 1356 acuo
158 1304 307 1375 postulatur
324 1322 341 1358 s
358 1311 453 1371 metro,
468 1305 581 1360 vetustis
596 1306 654 1378 jam
673 1308 760 1379 potitis
778 1307 892 1362 fortasse
910 1324 1036 1362 concessa
1050 1307 1094 1378 (ci.
1109 1325 1139 1362 ar
1151 1309 1179 1363 in

48 1384 159 1454 bymnoin
170 1389 196 1444 S.
209 1391 284 1445 Patr.
301 1389 365 1444 dist.
382 1391 435 1462 13).
461 1391 533 1446 Sunt
551 1399 688 1462 praeterea
704 1391 733 1446 in
751 1391 794 1446 bis
813 1392 936 1446 distichis
954 1410 1033 1446 voces
1051 1393 1119 1447 aliae
1137 1395 1181 1448 vel

48 1487 78 1523 res
91 1481 170 1526 notatu
187 1474 294 1544 dignae.
321 1475 364 1540 Ol,
380 1475 455 1540 dicit,
470 1475 541 1530 dixit
554 1475 591 1548 (p.
606 1475 677 1546 195).
697 1476 805 1542 calleci,
820 1477 936 1542 miliaci,
951 1477 1077 1548 primitus
1097 1495 1179 1534 anast

45 1556 93 1609 mi
103 1559 182 1613 modii
194 1577 278 1613 mesco
289 1559 399 1614 mittet
413 1560 461 1631 (gl.
474 1578 543 1614 anus
555 1561 622 1616 doce
634 1579 689 1615 non
701 1562 765 1615 vino
777 1561 863 1615 multo
876 1559 1032 1626 servientes,
1046 1563 1100 1616 Tit.
1111 1567 1136 1628 2,
1153 1565 1179 1635 3)

45 1639 93 1694 Wb.
104 1645 149 1696 ³1⁶.
173 1645 214 1699 Ita
230 1645 314 1700 hodia
332 1663 441 1716 quoque
458 1645 565 1700 hibern.
578 1645 650 1716 guel.
664 1647 800 1712 coillsacb,
815 1647 920 1713 vetula;
940 1647 988 1702 sed
1007 1648 1088 1702 etiam
1103 1648 1181 1719 virgo

43 1726 142 1800 reiigioni
158 1731 263 1797 darom,
277 1730 375 1796 velata,
391 1730 435 1784 eui
454 1730 580 1785 subditur
592 1749 636 1802 ap.
651 1732 721 1787 O'R.
735 1733 821 1786 subst.
836 1733 912 1787 cailla
926 1731 1036 1804 (velum)
1052 1733 1121 1799 troo,
1136 1750 1180 1804 ap.

44 1811 172 1881 (1111111,
191 1816 403 1886 ἰςηίε,118ηιιιια.
422 1816 463 1870 dir
480 1833 544 1887 gen.
565 1817 651 1870 subet.
666 1819 698 1870 dr
711 1817 844 1889 (aurum)=
865 1817 984 1871 ricbbdn
1004 1836 1033 1872 .1.
1052 1819 1184 1872 cannacol

41 1898 102 1953 drdao
118 1919 143 1954 .1.
162 1901 353 1955 aracbormaa'b'
366 1901 454 1954 inddc’r
465 1899 608 1970 sarantes
622 1901 671 1973 (gl.
686 1902 879 1968 carbunculum
896 1903 976 1956 oredo
988 1903 1106 1957 rectius:
1120 1921 1182 1957 oro·

41 1985 123 2039 memb
137 1986 227 2053 incidir,
242 1993 355 2058 propter
374 1986 580 2041 similitudinem
598 1987 657 2040 auri
676 2003 738 2041 cum
758 1989 884 2060 carbone)
899 1987 946 2059 sg.
961 1989 1018 2041 171.
1038 1987 1183 2042 donaddsed

41 2065 80 2122 ie.
91 2071 175 2126 donau
186 2073 268 2137 ddsrb,
284 2071 383 2126 Deciis.
405 2073 487 2128 Terra
498 2073 619 2138 modae,
634 2090 688 2126 nan
700 2072 777 2138 Deci,
792 2067 946 2138 Desiorum,
960 2074 1116 2145 frequenter
1127 2091 1183 2127 me·

39 2163 136 2209 noratur
152 2157 179 2210 in
197 2158 265 2212 actis
279 2163 432 2210 sanctorum
446 2157 608 2223 Hiberniam
624 2163 768 2212 esttamen
780 2157 893 2211 minoris
906 2159 1024 2214 ambitus
1037 2166 1065 2212 et
1076 2159 1183 2212 Momo-

39 2238 85 2292 oiae
98 2258 161 2312 pars,
175 2249 206 2296 ut
217 2247 296 2315 patet
307 2259 322 2295 e
334 2240 398 2294 Vita
409 2241 438 2296 S.
452 2241 573 2312 Brigitae
587 2243 668 2314 (Boii.
684 2243 764 2297 Febr.
783 2247 806 2309 1,
825 2244 899 2314 111)ι
916 2241 984 2299 “Vir
995 2246 1077 2316 longe
1090 2261 1106 2297 a
1118 2243 1183 2298 civi·

37 2328 79 2378 ao
90 2326 113 2380 S.
127 2328 251 2400 Brigidae
263 2326 413 2392 habitabat,
428 2326 516 2397 spatio
530 2327 635 2382 itineris
647 2327 784 2382 viantibus
798 2337 914 2400 quatuor
926 2329 1040 2394 dierum,
1056 2329 1184 2384 videlicet

38 2408 230 2469 iubiomonia
254 2415 288 2468 in
306 2420 404 2466 terre
420 2411 577 2466 Nandesi
593 2412 621 2466 in
634 2429 729 2484 campo
742 2411 864 2468 Femin.”
888 2414 1082 2486 Principalium
1094 2413 1183 2484 regio·

36 2512 88 2550 nun
101 2501 212 2565 nomina,
227 2518 245 2554 a
263 2497 372 2570 populis
388 2495 582 2569 principalibus
594 2499 725 2554 onomatis
736 2499 765 2554 in
777 2499 828 2553 boc
841 2498 958 2554 carmine
971 2507 1039 2564 orta,
1055 2499 1183 2554 dicuntur

36 2581 152 2639 tGiraldo
164 2584 324 2640 cambrensi
338 2583 419 2655 (saec.
434 2583 604 2655 duodecimo)
619 2584 647 2640 in
668 2584 858 2656 Topographia
870 2585 1019 2640 Hiberniae
1031 2585 1180 2650 Momonia,

34 2665 140 2737 latentia,
161 2670 272 2725 [litania
289 2677 317 2723 et
338 2667 474 2734 amaena,
492 2675 520 2722 et
536 2669 618 2722 hodie
637 2687 745 2740 quoque
763 2669 899 2734 Mamm,
921 2670 1054 2734 minster,
1082 2669 1180 2732 Ulcter,

38 2751 180 2826 comte,
196 2757 286 2810 tricina
300 2753 407 2808 blindan
416 2753 598 2823 yencbrddem,
612 2753 726 2825 triginta
737 2771 822 2808 annos
835 2753 967 2819 sinendo,
981 2755 1068 2808 refero
1081 2755 1115 2808 ad
1128 2755 1182 2808 De·

33 2835 75 2892 tior
90 2843 204 2896 nondum
224 2840 338 2896 omnino
357 2839 392 2893 ad
409 2839 570 2910 religionem
583 2839 755 2894 christianam
767 2839 950 2894 transductus.
977 2839 1097 2893 Multum
1110 2839 1183 2894 enim

33 2919 143 2981 laborarit
159 2927 187 2982 S.
209 2926 320 2998 Brigito
338 2925 367 2979 in
385 2923 536 2990 Momonia,
557 2931 588 2980 ut
606 2931 698 2979 narrat
715 2931 809 2980 auctor
826 2924 905 2980 Vitae
923 2925 981 2996 ejus
996 2923 1078 2995 (Boll.
1100 2925 1180 2978 Febr.

34 3007 52 3070 1,
65 3011 113 3063 166.
128 3014 203 3085 tom:
221 3010 273 3067 Ἥ.
288 3011 401 3082 Brigida
417 3028 479 3064 oum
497 3009 553 3064 suis
572 3009 600 3064 in
619 3027 743 3081 campum
758 3009 851 3064 oziam
868 3010 897 3064 in
910 3009 1050 3064 Momonia
1062 3009 1182 3082 positum

32 3092 100 3146 exirit
109 3103 135 3150 et
143 3097 281 3152 habitavit
292 3095 349 3150 illio
360 3096 389 3150 in
402 3094 520 3168 quodem
531 3093 592 3149 loco
604 3095 639 3148 ad
651 3103 767 3166 tempus.
783 3135 790 3148 .
806 3135 813 3149 .
827 3095 918 3150 Multa
930 3097 963 3149 Β.
978 3095 1089 3164 Brigida
1101 3091 1129 3147 in
1141 3111 1182 3147 re-

32 3175 138 3244 gionibus
148 3181 382 3237 Momonicnsium
400 3181 465 3234 feeit
482 3187 511 3233 et
528 3180 606 3251 plura
623 3180 682 3235 loca
699 3189 727 3234 et
737 3181 901 3235 monasteria
912 3181 951 3235 ibi
963 3181 1090 3252 signarit.
1116 3179 1183 3234 Post

31 3259 82 3316 brec
92 3265 139 3321 iter
149 3269 268 3340 arripuit
279 3267 371 3322 venire
382 3266 417 3319 ad
429 3265 566 3320 civitatem
578 3283 655 3320 suam
667 3267 696 3319 in
707 3273 806 3320 terram
819 3263 1055 3338 Lagenionsium.”
1074 3267 1119 3320 De
1132 3266 1182 3320 baa

31 3351 120 3418 Propria
130 3351 159 3406 S.
173 3353 299 3425 Brigitae
315 3352 379 3406 seda
393 3351 464 3406 idem
480 3350 518 3423 (p.
535 3351 610 3424 160)=
627 3349 675 3405 “in
688 3351 775 3422 patria
787 3369 836 3406 sua
846 3369 976 3423 magnum
988 3353 1181 3408 monasterium

29 3430 184 3501 uenenum
203 3437 361 3494 construxit
376 3436 522 3508 virginum,
536 3435 629 3508 ibique
646 3437 764 3492 maxima
781 3445 876 3508 postea
893 3437 988 3492 civitas
1006 3439 1034 3494 in
1050 3439 1181 3492 honorem

29 3513 184 3592 &bifidae
202 3523 298 3588 crevit,
314 3539 382 3593 quae
400 3528 443 3575 est
462 3515 544 3574 bodie
563 3521 720 3594 metropolis
732 3522 952 3593 Lageniensium.
979 3524 1031 3578 illa
1044 3524 1102 3596 jam
1115 3524 1183 3578 cella

27 3604 111 3661 muco
121 3607 223 3666 dicitur
234 3609 374 3672 Kiudara,
388 3606 472 3660 latine
484 3622 548 3660 vero
561 3613 640 3660 sonat
655 3607 728 3660 Cella
740 3625 860 3677 quercias.
886 3607 1010 3667 Quercus
1023 3611 1094 3664 enim
1107 3611 1181 3664 altis·

27 3687 82 3744 tima
90 3693 206 3762 soient,
222 3711 304 3766 quam
316 3692 433 3746 multum
446 3690 553 3745 amabat
565 3691 594 3745 S.
609 3687 747 3762 brigida?
767 3693 893 3757 domita,
908 3693 1033 3760 denormat,
1044 3693 1185 3748 dar-m-drt’

27 3772 57 3846 (p.
69 3781 135 3851 611).
148 3783 194 3848 dri,
209 3782 303 3836 locust
320 3778 427 3832 uinum
437 3777 495 3831 ita'a
506 3794 562 3830 soen
576 3775 625 3847 (gl.
640 3793 702 3832 cum
714 3776 838 3832 Christus
850 3780 1005 3848 apparuerit
1016 3786 1082 3834 tuno
1094 3787 1122 3833 ct
1133 3795 1182 3832 vos

25 3865 172 3932 tpparebitis
190 3883 256 3920 cum
274 3865 337 3930 illo;
351 3863 369 3918 i.
384 3881 407 3920 e.
422 3863 451 3917 in
462 3862 523 3916 loco
536 3861 583 3916 ubi
596 3869 637 3916 est
648 3861 715 3934 ipse)
730 3861 795 3916 Wb.
811 3862 866 3915 27¹¹.
889 3868 943 3928 tan,
958 3869 1073 3934 tempus,
1088 3864 1117 3917 in
1129 3864 1181 3916 fro·

25 3949 104 4016 quenti
116 3951 254 4021 particula
265 3950 350 4016 intua,
364 3949 451 4004 {atain
465 3949 596 4021 (tempore
609 3963 671 4018 quo,
686 3949 769 4019 oum).
785 3948 841 4002 titt
855 3948 980 4012 bennucb,
996 3947 1179 4014 diffitendum,

22 4045 113 4104 temper
130 4037 249 4091 benedic
269 4036 309 4108 (p.
323 4037 395 4108 835).
405 4039 469 4108 stro
486 4049 594 4088 muman
611 4031 647 4086 ed
665 4033 791 4088 verbum=
810 4033 883 4088 viros
901 4031 1119 4097 Mumaniorum,
1140 4039 1182 4086 est

23 4116 83 4170 nim
94 4137 203 4176 manaan
215 4123 305 4176 forma
316 4139 378 4192 gen.
392 4119 463 4194 plur.

465 4361 716 4373 ..u—-p-——na
