2994 5052
285 411 344 472 IV.
364 416 394 470 3.
427 428 693 472 couruucrrouns
712 427 947 473 nnrrrnumsn.
1138 407 1200 470 689

58 601 164 662 cunque
184 577 362 644 ordinatum
385 587 445 654 est,
462 588 519 642 aut
540 579 669 642 morbus
690 589 746 642 aut
760 587 929 661 paupertas
946 589 1001 642 aut
1018 580 1198 664 eaptivitas)

59 690 143 760 113.

127 790 281 854 Armorica
302 813 320 854 e
335 789 440 854 Buh.:
464 798 568 854 monet
587 810 680 852 arsur
701 789 798 851 deden
813 809 888 851 cure
896 810 941 871 pc
956 812 995 853 vn
1010 811 1045 852 re
1060 813 1081 854 a
1095 813 1131 854 oe
1147 794 1198 856 de·

56 905 114 959 reat
126 896 179 978 (ite
198 896 339 960 celeriter
360 897 401 958 ed
424 905 570 960 curatum
593 893 644 956 vel
666 893 829 956 hominem
850 893 906 974 qui
928 894 970 958 sit
991 897 1197 980 conveniens)

58 1007 116 1076 133,
134 1007 160 1063 3.
181 1024 223 1064 aa
236 1002 338 1084 μαῖαν
360 1009 433 1086 quet
445 1022 491 1082 pe
511 1021 577 1062 maz
599 999 690 1063 laedo
706 1001 761 1080 (ne
776 999 913 1082 perjura,
932 1001 982 1064 vel
997 1022 1055 1083 ego
1071 1012 1102 1065 te
1118 1003 1197 1066 occi-

55 1107 126 1189 dam)
142 1113 209 1182 172,
230 1115 259 1168 1.

122 1212 246 1296 Duplex
272 1213 323 1274 vel
347 1213 518 1296 multiplex
545 1213 655 1276 eadem
680 1209 852 1295 particula:
879 1233 928 1274 me
950 1214 1046 1278 carlre
1064 1224 1200 1298 porroet

54 1324 113 1398 quet
127 1318 224 1400 ponde
236 1339 282 1398 pe
302 1339 352 1380 me
373 1319 409 1380 be
428 1341 481 1381 ma
504 1327 555 1382 tra
572 1339 616 1400 pe
633 1339 708 1380 nam
725 1317 759 1379 de
767 1339 812 1398 pe
827 1318 891 1380 coll
903 1340 945 1381 an
962 1327 1013 1382 tra
1028 1341 1061 1381 se
1076 1341 1147 1382 mar
1163 1321 1198 1383 de

53 1430 92 1482 rel
103 1421 203 1500 (velim
225 1421 306 1485 scire
327 1433 448 1506 postea,
465 1445 546 1486 num
566 1421 717 1487 reddatur
731 1443 781 1484 res
796 1443 866 1484 mea
880 1423 971 1499 mihi,
990 1447 1031 1487 an
1046 1447 1113 1488 non
1128 1427 1197 1488 red·

51 1527 139 1604 detur,
156 1527 204 1590 vel
219 1549 262 1590 an
277 1527 321 1589 sit
336 1549 464 1590 necesse
479 1551 549 1591 eam
565 1528 707 1611 perdere)
725 1526 810 1590 Buh.
833 1535 903 1604 170,
925 1534 961 1590 18
975 1549 1043 1612 sqq.

120 1656 144 1696 e.
170 1633 245 1696 PEI
259 1633 315 1714 (si)
327 1632 510 1715 conjunctio
522 1631 678 1695 cambriae
689 1631 911 1695 conditionalis
923 1633 1194 1716 frequentissima:

49 1739 136 1820 ryued
150 1739 207 1800 oed
224 1737 359 1822 perrnyfi
373 1737 433 1819 pei
442 1738 569 1822 proppei
582 1737 623 1821 es
630 1745 684 1800 aot
698 1759 738 1798 ar
752 1759 772 1821 y
790 1759 919 1822 aorwpn
935 1738 1043 1824 dynny
1058 1764 1102 1804 na
1116 1743 1171 1806 del
1194 1743 1200 1756 '

48 1841 265 1926 ylamdr'ffyn.
283 1842 381 1924 aphet
400 1841 583 1926 mynnewclr
605 1841 688 1906 edwi
703 1842 779 1926 operi
793 1843 930 1906 droctoro
946 1846 990 1928 ef.
1009 1847 1091 1910 mr'ut'
1104 1871 1196 1912 aaron

47 1970 63 2029 p
79 1947 152 2010 clroi
165 1948 297 2028 (mirum
313 1959 395 2010 esset
409 1947 499 2022 mihi,
518 1947 545 2009 si
560 1947 653 2010 sciret
669 1947 747 2030 ipse,
766 1969 872 2030 eques,
890 1949 1055 2014 imminere
1070 1954 1197 2034 puellae

48 2051 105 2128 hoc,
121 2055 202 2136 quod
222 2075 290 2116 non
313 2051 373 2114 iret
395 2053 436 2114 ad
454 2073 525 2114 eam
546 2051 753 2128 liberandam,
771 2063 803 2116 et
824 2052 851 2114 si
865 2053 1047 2136 acciperetis
1062 2077 1113 2120 me
1129 2057 1196 2140 ejus

45 2155 112 2233 loco,
128 2179 183 2240 ego
197 2159 278 2220 irem
293 2168 403 2220 contra
418 2161 487 2239 vos)
504 2159 591 2220 Mab.
605 2165 633 2233 1,
646 2165 697 2219 35.
708 2157 769 2238 pei
781 2177 855 2220 nam
868 2160 1058 2242 popanewclt
1077 2209 1084 2224 .
1102 2211 1109 2224 .
1127 2211 1133 2224 .
1152 2163 1198 2226 mi

44 2263 198 2348 opyskwn
214 2264 257 2344 (si
279 2283 346 2326 non
368 2263 539 2326 irrideretis
560 2263 651 2338 mihi,
670 2285 729 2346 ego
744 2263 927 2343 dormirem)
947 2271 974 2341 1,
995 2270 1024 2328 2.
1050 2267 1197 2351 dywedat

44 2369 157 2452 rortlyf.
176 2371 226 2432 dei
247 2391 292 2432 nc
316 2368 502 2454 thydyclrwn
520 2417 527 2430 .
548 2416 555 2431 .
577 2368 649 2430 ,νηί
668 2389 847 2452 orcanapwrr
862 2368 901 2431 itt
916 2369 1031 2448 (dicere
1046 2373 1144 2435 mihi:
1169 2375 1196 2437 si

43 2495 98 2536 non
116 2475 305 2558 cogitarem,
325 2521 332 2536 .
354 2495 438 2556 .ego
465 2483 674 2536 monstrarem
697 2473 769 2554 tibi)
789 2481 822 2549 1,
842 2481 872 2535 5.
906 2475 1114 2557 Frequentior
1135 2480 1195 2542 for·

44 2579 118 2642 nula
135 2602 207 2644 cum
229 2581 326 2644 verbo
346 2578 545 2642 substantivo
553 2578 612 2660 pei
625 2600 668 2640 no
684 2577 734 2640 tei
748 2576 869 2657 (sinon
885 2583 997 2658 esset):
1017 2583 1076 2663 pei
1088 2607 1131 2646 na
1147 2586 1197 2647 bei

44 2683 173 2748 arthuro
193 2685 328 2769 pennys
338 2733 345 2746 .
366 2732 374 2746 .
395 2733 403 2746 .
420 2683 467 2746 mi
485 2684 615 2746 adoreon
632 2683 674 2766 (si
695 2703 761 2746 non
776 2693 859 2746 esset
872 2683 1086 2766 incongruum
1100 2689 1191 2765 mihi,

43 2809 91 2870 ego
109 2789 267 2872 facerem),
279 2789 340 2872 pei
357 2811 400 2852 na
421 2789 471 2852 dei
484 2812 500 2850 o
514 2798 634 2872 perpet
647 2797 743 2852 arnol
759 2787 785 2850 a·
797 2811 839 2872 ny
856 2789 968 2874 bpdwn
983 2811 1058 2874 ymo
1074 2791 1114 2872 (si
1128 2815 1195 2856 non

42 2907 110 2956 esset
130 2917 234 2958 amore
259 2894 320 2970 tui,
338 2917 404 2958 non
426 2916 527 2957 essem
542 2893 608 2976 hic)
625 2895 712 2958 Mab.
735 2902 762 2968 1,
785 2899 834 2954 18.
854 2899 927 2954 255.
951 2903 1009 2977 ayt
1022 2897 1081 2958 ord
1091 2899 1194 2982 pyfyp

39 3001 273 3086 pennysymlod
286 2999 393 3062 aelidi
407 2999 457 3062 bei
470 3022 513 3062 aa
529 2999 578 3062 bei
590 3019 630 3082 pr
645 2997 764 3082 cnr'feil
773 3007 831 3082 pyt
845 2997 915 3060 athi
926 3000 1004 3077 (non
1021 3011 1102 3064 esset
1114 3002 1193 3066 mihi

41 3101 205 3182 difficultas,
225 3126 412 3169 concurrere
435 3115 550 3180 tecum,
569 3104 597 3166 ei
619 3126 685 3166 non
707 3114 789 3166 esset
811 3103 930 3165 animal
952 3109 1070 3186 tecum)
1092 3113 1118 3182 1,
1139 3113 1189 3170 31.

110 3210 281 3274 Cornice
304 3220 337 3274 et
358 3209 556 3274 armoriae
579 3207 761 3291 conjunctio
776 3209 998 3272 conditionalis
1014 3221 1063 3273 est
1078 3212 1188 3289 MAR,

40 3333 107 3394 quae
125 3315 390 3396 armoriceetiam
404 3326 453 3378 est
468 3315 546 3390 MA,
566 3314 671 3376 MAZ.
705 3313 789 3376 Nolo
805 3335 948 3396 separare
963 3315 1003 3376 ab
1018 3313 1069 3378 his
1084 3316 1191 3382 formis

38 3437 110 3482 oorn.
124 3402 239 3499 MAY,
252 3422 321 3485 MA
332 3432 364 3484 et
379 3443 493 3484 armor.
509 3421 616 3494 MAZ,
631 3419 775 3502 quamvis
787 3419 934 3482 differant
945 3418 1188 3501 significatione,

39 3543 106 3604 quae
124 3527 257 3591 relativa
279 3537 437 3608 astatque
458 3523 554 3588 etiam
576 3524 611 3588 in
633 3523 898 3606 significationem
913 3524 969 3588 lat.
988 3526 1082 3607 quod,
1100 3527 1187 3610 quia,

37 3637 65 3690 ar
77 3633 193 3696 transit.

108 3736 243 3801 Cornica
259 3737 421 3821 exempla:
440 3758 512 3799 mar
526 3758 575 3798 soe
590 3738 662 3800 mab
679 3738 722 3801 du
737 3760 780 3800 aa
794 3759 874 3822 oeya
889 3757 942 3800 ma
954 3758 1038 3820 pura
1054 3737 1133 3800 bara
1150 3739 1191 3819 (si

37 3857 64 3899 es
81 3841 160 3904 filius
181 3844 246 3918 dei,
264 3842 323 3906 hos
345 3841 466 3926 lapides
486 3841 534 3904 fac
550 3846 678 3924 panem)
695 3845 785 3906 Pasa.
809 3849 857 3917 11,
878 3848 907 3904 3.
928 3865 973 3904 ow
989 3841 1105 3904 bonore
1119 3864 1191 3906 mor

36 3947 169 4026 maneth
184 3949 253 4032 (me
267 3947 422 4010 honorare
438 3946 465 4009 si
479 3946 539 4023 vis,
553 3947 667 4010 seciam
681 3957 713 4010 te
727 3950 894 4030 magnum)
911 3953 959 4023 16,
975 3955 1006 4009 4.
1025 3948 1190 4030 leoeroaplr

35 4065 95 4108 mar
106 4051 188 4133 pytlr
210 4073 317 4136 suwys
333 4051 525 4134 (loquimini,
543 4052 571 4114 si
591 4063 639 4115 est
661 4052 842 4127 salvandus
861 4073 940 4114 num
960 4051 1003 4114 sit
1023 4055 1066 4134 s.)
1084 4059 1135 4128 95,
1158 4060 1186 4116 1.

105 4156 271 4220 Armorica
282 4157 383 4220 forma
394 4178 484 4220 mar:
497 4178 563 4220 maz
571 4178 643 4220 mar
651 4179 789 4238 compsez
795 4179 858 4240 poa
866 4157 1026 4236 (dedecus,
1037 4157 1064 4220 si
1072 4157 1188 4220 falsum

34 4255 112 4340 dicis)
124 4262 211 4324 Buh.
226 4267 301 4338 166,
319 4267 369 4324 12.
390 4267 460 4338 172,
478 4269 528 4324 11.
546 4283 619 4324 mar
631 4261 726 4324 carde
737 4283 808 4324 men
819 4261 896 4324 robe
907 4261 1067 4346 dezaff(si
1080 4262 1185 4337 vellet,

33 4378 82 4443 ego
94 4363 293 4430 iddonarem
307 4367 351 4448 ei)
369 4373 441 4442 164,
460 4374 509 4428 11.
529 4374 562 4430 tu
578 4365 667 4428 crull
679 4387 750 4428 mar
762 4365 879 4450 pallas
888 4368 1017 4430 &eman
1032 4390 1052 4430 a
1067 4366 1197 4450 menaff

34 4465 75 4545 (in
84 4470 179 4535 elium
186 4473 306 4549 locum,
318 4471 495 4555 si‘possum,
504 4493 591 4534 nunc
599 4471 665 4552 ibo)
677 4479 728 4548 30,
742 4477 792 4534 19.
807 4471 1187 4556 derafmarpallafnoaa

73 4583 132 4624 ror..
146 4571 185 4624 11.
940 4581 978 4634 lt
1144 4573 1148 4578 ’
