3082 5070
606 393 777 437 annuum.
1183 373 1275 452 ,1141
1389 387 1391 392 ’

44 528 48 538 ’
106 547 142 609 S.
163 544 301 608 Fiudani
323 545 358 608 in
379 544 487 608 codice
501 543 711 606 bibliothecae
727 540 865 605 civitatis
881 539 1100 624 sangallensis
1116 541 1277 624 (Goldasti

105 651 224 735 Script.
242 672 302 712 rer.
321 650 482 714 alamann.
501 663 578 713 tom.
601 657 628 725 1,
647 673 680 733 p.
701 654 779 724 2053
798 647 838 710 cf.
859 648 961 724 Perta.
982 654 1012 722 5,
1033 650 1125 728 231);

185 751 389 820 “Reclusum
404 753 473 838 jam
490 777 564 819 cum
580 765 670 818 tanta
684 754 783 816 fames
801 775 875 816 eum
889 763 1027 836 urgeret,
1046 763 1083 816 ut
1097 775 1213 838 panem
1229 765 1275 818 to-

104 876 175 926 tum
199 872 231 924 et
251 861 326 945 plus
348 861 540 924 manducare
563 861 659 924 vellet
680 861 715 922 in
737 859 844 922 natale
867 859 901 922 S.
927 858 1070 935 Patricii,
1093 881 1174 942 quae
1199 870 1275 924 tunc

102 969 184 1032 forte
206 968 388 1043 advenerat,
406 969 502 1030 deum
525 967 635 1030 sedulo
658 966 792 1050 rogavit,
809 975 847 1028 ut
861 963 1083 1048 hujuscemodi
1097 964 1275 1050 ingluviem

102 1073 205 1157 ipsius
226 1073 410 1136 interventu
424 1095 443 1136 a
458 1095 491 1136 se
507 1073 655 1135 auferret.
689 1070 755 1139 Qui
770 1092 845 1132 mox
859 1081 932 1153 post
946 1070 1122 1134 orationem
1137 1083 1170 1134 et
1184 1072 1274 1136 lacri-

103 1200 184 1256 mas,
199 1199 278 1261 quas
293 1177 581 1261 incomparabiliter
597 1177 693 1240 etiam
704 1176 739 1238 in
751 1175 873 1238 levibus
885 1176 979 1240 rebus
993 1175 1126 1240 fundere
1139 1177 1272 1254 solebat,

103 1285 167 1348 tale
182 1284 347 1347 oraculum
362 1305 437 1346 aure
452 1282 593 1368 percepit
608 1281 735 1367 propria
747 1281 859 1365 lingua
870 1281 1046 1366 prolatum:
1064 1282 1185 1346 Aratea
1197 1283 1276 1347 crist

102 1414 177 1454 ocus
192 1389 305 1474 patrie
327 1387 501 1452 artmaete.
518 1387 769 1473 saraaseiltdm
784 1386 913 1450 aakised
926 1387 1113 1452 teilbraaln'r
1129 1397 1193 1453 tort
1208 1387 1275 1452 doit

103 1497 194 1562 wileo
210 1495 410 1580 ilsarlysel.
442 1495 485 1557 Et
499 1517 539 1556 ex
555 1493 615 1558 hoc
630 1492 794 1558 edacitatis
809 1489 924 1555 vitium
939 1492 1071 1558 minime
1086 1485 1219 1556 sensit.’'

188 1603 241 1664 Ita
255 1599 341 1663 edita
356 1600 517 1682 legrmtur,
532 1601 587 1663 sed
602 1599 684 1662 male
700 1609 777 1662 sunt
791 1597 909 1681 scripta
923 1597 957 1662 in
970 1598 1077 1662 codice
1089 1600 1138 1662 vel
1151 1599 1273 1664 reddita

100 1709 258 1791 quaedam
280 1706 349 1770 siue
371 1705 479 1782 dubio,
498 1717 536 1769 ut
557 1705 590 1768 iu
611 1705 682 1769 aliis
698 1704 866 1768 sententiis
882 1703 1008 1767 scoticis
1024 1703 1141 1768 ibidem
1157 1705 1269 1782 obviis,

101 1827 135 1877 et
154 1814 226 1875 ideo
248 1813 392 1874 obscura.
426 1811 584 1894 Equidem
599 1811 732 1894 corrigo,
751 1822 788 1873 ut
809 1810 941 1893 prodeat
961 1809 1076 1893 aliquis
1098 1833 1223 1889 sensus,
1240 1821 1273 1874 et

101 1919 267 2002 distinguo
282 1918 316 1980 iu
332 1940 442 1982 versus
458 1917 520 1979 ita:

300 2057 406 2116 Aratea
422 2057 492 2114 erist
506 2077 571 2115 ocra
580 2055 679 2132 patric
695 2049 705 2136 ΙΙ
722 2059 876 2127 armatha,
896 2057 1025 2135 amaseil
1038 2065 1097 2116 tam

300 2180 338 2218 aa
353 2161 431 2230 kabel,
442 2161 507 2237 fail
520 2159 604 2218 brath
620 2159 711 2216 r'rrtart
725 2153 736 2240 ll
753 2159 823 2229 doit,
834 2159 898 2237 soil
911 2159 969 2218 coil
982 2155 1097 2238 inky'sel.

187 2295 225 2354 P.
245 2299 319 2368 934,
337 2293 359 2353 l.
380 2297 431 2354 26.
464 2292 594 2354 Fiaadn
610 2323 653 2342 =
669 2289 799 2353 Findan
822 2313 863 2352 ex
883 2291 946 2373 adj.
960 2291 1044 2374 find
1063 2292 1207 2374 quamvis
1224 2305 1272 2354 est

98 2401 248 2482 frequens
274 2397 334 2459 viri
360 2417 493 2472 nomen,
518 2397 627 2458 eadem
651 2407 758 2457 tamen
781 2417 856 2458 voce
879 2397 975 2459 etiam
1000 2396 1119 2460 animal
1142 2397 1271 2479 aliquod

98 2503 316 2587 significatum
337 2503 436 2566 videri
457 2503 568 2586 possit.
603 2501 660 2563 Est
682 2499 769 2563 enim
790 2503 845 2564 -a'n
862 2501 1044 2566 tenninatio
1060 2501 1268 2578 deminutiva,

97 2623 131 2675 et
146 2631 198 2693 ap.
214 2608 296 2672 (l'R.
315 2607 591 2692 inveniturflonn,
607 2627 712 2681 vacca,
727 2605 804 2668 item
809 2607 988 2692 fladfioan,
1004 2609 1178 2692 capreolus.
1207 2608 1270 2671 Sed

96 2717 170 2799 quis
185 2714 262 2777 certi
278 2714 400 2797 aliquid
415 2715 467 2778 hic
482 2713 650 2778 statuerit?

186 2823 224 2883 P.
240 2827 314 2895 937,
330 2820 354 2882 l.
372 2827 422 2882 16.
448 2819 599 2884 Carmina
613 2817 783 2882 Ossianica
797 2817 924 2900 saepius
938 2829 1061 2881 rectum
1076 2819 1270 2904 syllabarum

95 2946 268 2988 numerum
282 2925 420 2988 offerunt
441 2947 526 3000 eum,
546 2945 640 3006 quem
661 2925 836 2986 ostendunt
856 2935 982 2986 vetusta
996 2923 1160 2987 hibernica
1175 2925 1267 2987 metri

97 3031 282 3106 usitatioris‚
301 3052 329 3092 e.
347 3051 395 3112 gr.
413 3052 541 3093 carmen
556 3029 746 3111 inscriptum
757 3028 945 3111 Fioanybal
960 3037 989 3103 5,
1006 3033 1066 3091 428
1081 3051 1127 3114 sq.
1155 3031 1269 3111 (Ddaa

99 3135 209 3199 Or'sein
225 3133 309 3198 mhic
325 3134 446 3210 Flrr'aa,
463 3133 645 3198 Dua-sidia
664 3138 758 3209 1818,
776 3155 808 3214 p.
831 3136 921 3214 182):

96 3274 212 3332 Shuidh
231 3273 305 3331 Gall
316 3295 387 3350 opus
406 3273 507 3332 Or'sr'aa
523 3275 599 3333 thau
612 3267 622 3355 ΙΙ
639 3272 737 3330 maille
752 3272 781 3328 ri
795 3272 912 3330 Suaran
928 3293 986 3331 nan
1003 3283 1070 3332 tona

95 3376 154 3434 Aer
170 3374 289 3433 bruaid
301 3374 414 3434 Ldbar'r
430 3375 542 3432 d'uar'na
555 3373 677 3450 saraph,
698 3369 709 3454 ΙΙ
727 3373 830 3431 bhaar'l
841 3372 884 3430 mi
897 3393 914 3428 a
926 3373 1075 3434 chldrsaclr
1087 3375 1175 3433 dha’n
1186 3375 1264 3452 rr'ylr.

95 3477 163 3536 aba
180 3477 289 3534 'mlada
303 3477 403 3535 o’nstrl
410 3481 450 3554 fo
462 3475 610 3553 pharasim,
631 3469 641 3556 ll

94 3609 159 3673 Sed
175 3617 353 3690 sequuntur
367 3629 443 3670 mox
457 3607 598 3670 membra
613 3605 663 3669 vel
678 3627 787 3668 versus
800 3607 991 3688 (secundum
1006 3607 1180 3674 editionem
1194 3631 1266 3692 gae·

93 3715 215 3796 licam),
233 3713 268 3775 in
288 3711 405 3796 quibus
420 3711 455 3775 in
469 3714 534 3775 fine
550 3721 681 3796 apparet
696 3711 817 3795 syllaba
832 3710 963 3774 minoris
980 3725 1129 3777 accentus
1144 3725 1266 3778 rectum

92 3841 266 3886 numerum
281 3819 452 3882 excedens:

499 3927 666 3986 thiondaidlr
682 3949 696 3986 e
712 3925 928 4002 'ddeary-elrdil
940 3927 986 3984 air
1000 3926 1092 3998 Laus,

92 4033 163 4092 aaa
183 4033 212 4090 ’a
232 4029 386 4106 yabyeaed
398 4032 438 4106 fo
460 4027 571 4086 theudi·
592 4049 641 4086 ma
661 4027 795 4104 adluaylr.
816 4021 826 4108 [Ι
847 4025 925 4103 Tdoy
940 4027 984 4084 mi
997 4049 1042 4086 mo
1057 4029 1205 4088 sheulhdh
1221 4031 1267 4086 air

926 4126 1053 4200 oroma,

34 4273 38 4278 .
90 4219 125 4278 Is
141 4215 284 4275 ohannein
298 4215 341 4273 ma'
354 4215 518 4273 mbr-mbae
533 4215 650 4273 stema.

181 4347 247 4410 Hic
269 4347 302 4408 in
328 4346 457 4409 vocibus
473 4347 576 4422 Lena,
598 4345 738 4420 Gromdr,
759 4343 875 4406 saona
900 4343 1005 4407 finalis
1024 4366 1045 4407 a
1067 4343 1191 4406 excedit
1206 4366 1265 4407 nu-

90 4474 217 4520 merum
233 4452 428 4536 syllabarum
444 4451 585 4527 solitum,
604 4461 635 4513 et
650 4449 685 4512 in
701 4471 775 4513 mox
791 4449 998 4534 sequentibus
1015 4471 1079 4526 -ar,
1098 4449 1172 4514 -aeb
1186 4451 1266 4514 fiua-
