2994 5052
171 397 211 462 V.
231 405 260 458 1.
293 413 476 459 nnsrvsrro
491 413 631 458 oscuras
646 415 688 458 rr
703 413 889 458 ursassrcs
904 413 1073 458 rasurus.
1143 393 1203 454 757

58 566 151 629 edat.
173 563 413 647 anthemum,
437 567 455 626 ὁ
476 563 640 646 musnay
663 563 721 646 (gl.
739 583 826 638 casu,
851 562 895 645 gl.
913 562 1044 643 eventu)
1061 561 1117 643 Sg.
1137 565 1200 622 28⁸.

57 671 173 752 molonp
188 672 309 752 (aptus)
324 670 400 732 Wb.
418 668 462 751 sq.
494 667 750 731 'lbnnsiormatur
771 667 897 749 saepius
919 666 1022 730 omnis
1037 665 1202 741 derivatio,

56 773 223 858 pracsertim
244 774 280 836 in
300 773 408 836 formis
429 775 607 849 verborum,
625 771 660 834 in
675 793 702 848 s,
721 793 749 848 c,
767 793 833 848 oce,
851 771 932 835 oola.-
955 770 1137 855 arofulsam
1153 774 1204 850 (ut

57 879 241 959 toleremus),
259 877 405 953 minacia,
423 877 627 941 enimsimmis
649 879 799 961 (possem,
816 897 979 960 possemus
989 899 998 950 ;
1022 875 1063 939 of.
1081 897 1113 958 p.
1134 881 1200 958 62),

56 982 231 1058 cumomni,
255 991 379 1045 eumont
398 983 592 1065 (possumus,
615 979 781 1064 possunt),
806 1002 950 1057 cumaeo,
974 980 1120 1044 comaclu
1134 984 1202 1063 (po-

56 1099 125 1164 tens,
141 1085 302 1172 potantia3
320 1086 360 1149 cf.
376 1085 474 1149 deriv.
493 1086 567 1152 Oet
580 1088 697 1168 ANC).
723 1088 808 1152 lNG
822 1087 856 1150 in
872 1084 1028 1168 docmina
1043 1084 1070 1148 si
1085 1095 1134 1149 est
1149 1087 1201 1148 ad·

52 1191 198 1274 jectivum,
216 1201 254 1254 ut
269 1190 405 1266 videtur,
423 1191 458 1252 in
474 1191 549 1255 Wb.
571 1187 639 1253 14⁵:
656 1192 817 1276 foroetlr'd
837 1190 975 1254 doibsom
992 1188 1158 1254 timotheus
1173 1198 1205 1254 st

55 1296 163 1360 bonta
176 1294 294 1360 r'nhirrb
308 1297 387 1378 ainau
401 1295 544 1379 demninp
555 1295 611 1360 oid
619 1296 714 1360 icolin
727 1295 785 1378 (gl.
800 1295 987 1360 Timotheus
998 1294 1094 1360 frater
1105 1294 1203 1358 cocle·

54 1400 108 1463 rias
125 1400 184 1476 dei,
205 1405 236 1462 2.
254 1400 328 1463 Cor.
350 1401 442 1479 1,1).
475 1399 573 1463 UNG
595 1399 630 1462 in
653 1402 754 1464 subst.
773 1421 927 1483 cumunp:
948 1397 985 1462 πί
997 1419 1133 1480 eumunq
1149 1400 1202 1462 do-

53 1504 221 1588 m'ndnopar
242 1503 416 1588 arforcr'tol
433 1504 520 1567 duit.
538 1503 702 1588 ucumuap
708 1503 851 1589 suiridsi
864 1504 908 1568 ir'r'a
923 1501 1131 1568 oeconoirs'tt'n
1145 1525 1203 1566 aa·

46 1609 224 1692 suoetolsin
239 1609 299 1692 (gl.
313 1631 379 1672 non
393 1609 621 1691 angustiamini
636 1609 670 1673 in
685 1609 788 1686 nobis,
801 1606 1031 1692 angustiamini
1046 1617 1153 1672 autam
1168 1607 1203 1672 in

54 1713 208 1776 visceribus
231 1713 356 1790 vestris,
376 1717 405 1774 2.
424 1715 498 1776 Cor.
518 1720 548 1790 6,
569 1717 622 1797 12)
638 1715 714 1778 Wb.
736 1718 797 1776 16⁸.
830 1714 876 1797 Ut
897 1733 963 1777 non
978 1713 1053 1789 RD,
1070 1733 1137 1778 non
1152 1733 1201 1778 oc·

53 1818 137 1882 currit
150 1819 248 1883 etiam
263 1818 329 1883 RG
342 1817 488 1882 derivans
503 1818 676 1884 hibernica.

366 2065 397 2118 4.
436 2055 654 2122 Derivatio
677 2058 871 2122 tenuium.

124 2243 150 2304 P
171 2241 257 2304 inter
280 2249 392 2304 tenues
413 2241 545 2305 minoris
566 2241 704 2306 ambitus
721 2241 823 2306 rarius
838 2241 936 2306 etiam
950 2243 1138 2306 derivationi
1152 2243 1201 2308 in·

51 2345 174 2410 serviens
192 2345 359 2408 invenitur
379 2345 415 2407 in
436 2345 619 2409 nominibus
639 2347 773 2430 gallicis.
812 2346 933 2410 Obviae
953 2347 1201 2411 combinationes

51 2470 113 2512 urm
133 2449 233 2514 tribus
256 2448 420 2512 vocalibus
441 2473 473 2526 o,
491 2450 513 2526 i,
531 2473 564 2514 u.
595 2451 672 2515 AP:
696 2451 840 2535 Menapii
860 2454 953 2535 (pop.
978 2451 1087 2533 belg.)
1106 2452 1198 2515 Caes.

51 2554 188 2636 lionspia
203 2553 327 2635 (insula
348 2575 445 2636 propo
460 2555 560 2638 Brit.)
576 2555 663 2619 Plin.
682 2563 712 2631 4,
734 2563 784 2619 16.
810 2550 997 2634 Monunio,
1018 2551 1202 2620 Μανάπιοι

50 2657 157 2742 (oppid.
174 2673 207 2721 et
227 2679 304 2741 pop.
322 2657 477 2740 Hibem.)
493 2659 578 2722 Ptol.
592 2653 653 2722 “in
673 2681 755 2742 pago
770 2660 984 2724 Madriscinse
998 2659 1122 2735 Vinios,
1140 2661 1201 2723 Ca·

49 2763 141 2844 mapio
154 2773 187 2825 ct
199 2753 379 2826 Niventis”
395 2761 474 2845 dipl.
493 2785 522 2825 a.
543 2771 615 2840 775,
633 2765 759 2827 Mabill.
778 2765 855 2849 dipl.
874 2787 907 2847 p.
926 2770 999 2826 198.
1018 2757 1201 2846 “Gamapio

51 2858 125 2928 rioo’'
147 2866 273 2930 D’th.
293 2871 323 2941 2,
343 2870 394 2927 86.
428 2868 493 2930 IP:
517 2867 677 2951 Warsipio
698 2870 801 2952 (loo.)
818 2871 964 2932 Martdne
981 2873 1016 2942 2,
1034 2871 1085 2928 20.
1119 2869 1196 2934 UP:

49 2969 196 3053 Rumpiae
219 2970 322 3052 (Brit.
347 2969 479 3053 oppid.)
503 2973 589 3035 Ptol.
613 2973 775 3037 Ammian.
798 2973 877 3038 ltin.
901 2972 995 3035 tellus
1018 2972 1198 3054 Rutupina,

50 3073 222 3160 Rutupinus
244 3096 336 3156 ager,
358 3074 483 3136 Auson.
500 3087 624 3158 parent.
645 3085 675 3153 7,
697 3083 746 3140 ts.
775 3078 929 3142 Gonnexa
950 3077 1015 3140 MP
1038 3076 1144 3142 forsan
1166 3077 1200 3144 in

50 3199 122 3243 nom.
138 3182 214 3244 fluv.
233 3179 427 3262 Wartimpa,
445 3180 554 3242 Labbe
570 3185 600 3256 2,
620 3186 692 3242 665.

122 3489 352 3554 Hiberniae
372 3490 502 3574 lingua,
527 3513 609 3574 quae
631 3492 716 3555 hano
737 3501 868 3556 tenuem
887 3515 929 3558 ne
948 3495 984 3556 in
1006 3495 1075 3579 ipsa
1096 3495 1200 3560 radice

52 3591 162 3672 quidem
176 3604 266 3660 amat
279 3597 326 3677 (p.
347 3599 413 3676 77),
430 3597 562 3660 omnino
575 3595 678 3659 nescit
692 3596 761 3680 ejus
776 3597 997 3662 derivationes.

122 3920 149 3981 T
170 3919 319 3984 derivans
342 3921 378 3984 in
392 3922 576 3986 nominibus
591 3923 714 4006 gallicis
729 3925 780 3986 vel
794 3924 980 3989 britannicis
996 3928 1139 3990 vetustis.
1165 3933 1199 4009 o)

52 4017 214 4103 Singularis
236 4027 388 4089 accedens
408 4029 448 4090 ad
465 4027 603 4092 radicem
617 4027 651 4090 in
667 4029 730 4110 adj.
748 4038 876 4112 -qnotus
891 4031 1058 4093 nominum
1074 4051 1198 4112 compo·

52 4121 182 4204 sitorum,
206 4151 236 4191 e.
254 4151 303 4212 gr.
327 4131 550 4214 Critognatus,
575 4133 805 4214 Boduognatus
826 4143 887 4196 etc.
905 4137 951 4216 (p.
973 4137 1036 4214 19),
1055 4155 1072 4196 e
1094 4135 1199 4198 radice

50 4234 112 4305 966,
126 4237 185 4314 pas
199 4235 248 4316 (p.
269 4237 334 4315 at).

122 4335 152 4417 d)
174 4338 260 4400 Cum
274 4337 435 4402 vocalibus
450 4341 611 4424 correptis.
643 4342 720 4404 AT:
738 4342 928 4404 Atrebatum
944 4351 1040 4406 terras
1055 4365 1199 4427 pervase-

52 4447 100 4510 rat,
116 4439 223 4504 Sidon.
241 4463 339 4505 carni.
359 4449 388 4519 5,
408 4447 480 4506 212.
513 4446 657 4508 Abbatus
673 4447 728 4525 (61.
747 4447 878 4520 Aestus,
896 4456 929 4508 at
945 4449 1060 4529 Batus)
1076 4471 1197 4528 amens,
