<?xml version="1.0" encoding="UTF-8"?>
<!DOCTYPE html PUBLIC "-//W3C//DTD XHTML 1.0 Transitional//EN"
    "http://www.w3.org/TR/xhtml1/DTD/xhtml1-transitional.dtd">
<html xmlns="http://www.w3.org/1999/xhtml" xml:lang="en" lang="en">
 <head>
  <title>
</title>
<meta http-equiv="Content-Type" content="text/html;charset=utf-8" />
  <meta name='ocr-system' content='tesseract 3.04.00' />
  <meta name='ocr-capabilities' content='ocr_page ocr_carea ocr_par ocr_line ocrx_word'/>
</head>
<body>
  <div class='ocr_page' id='page_1' title='image "./grammaticacelti01zeusgoog_0461.png"; bbox 0 0 3004 5066; ppageno 0'>
   <div class='ocr_carea' id='block_1_1' title="bbox 108 375 1191 442">
    <p class='ocr_par' dir='ltr' id='par_1_1' title="bbox 108 375 1191 442">
     <span class='ocr_line' id='line_1_1' title="bbox 108 375 1191 442; baseline -0.004 -2"><span class='ocrx_word' id='word_1_1' title='bbox 108 398 271 442; x_wconf 75' lang='lat' dir='ltr'>sensuum.</span> <span class='ocrx_word' id='word_1_2' title='bbox 305 397 470 440; x_wconf 79' lang='lat' dir='ltr'>sencrusu</span> <span class='ocrx_word' id='word_1_3' title='bbox 486 397 808 440; x_wconf 80' lang='lat' dir='ltr'>conrcrsumsnrucr</span> <span class='ocrx_word' id='word_1_4' title='bbox 827 395 1060 440; x_wconf 79' lang='lat' dir='ltr'>nnrscmmso.</span> <span class='ocrx_word' id='word_1_5' title='bbox 1111 375 1191 437; x_wconf 81' lang='lat'>1013</span> 
     </span>
    </p>
   </div>
   <div class='ocr_carea' id='block_1_2' title="bbox 34 545 1190 3052">
    <p class='ocr_par' dir='ltr' id='par_1_2' title="bbox 34 545 1190 3052">
     <span class='ocr_line' id='line_1_2' title="bbox 58 545 1190 631; baseline -0.003 -20"><span class='ocrx_word' id='word_1_6' title='bbox 58 571 72 630; x_wconf 93' lang='lat' dir='ltr'><strong>q</strong></span> <span class='ocrx_word' id='word_1_7' title='bbox 89 559 114 610; x_wconf 87' lang='lat' dir='ltr'>et</span> <span class='ocrx_word' id='word_1_8' title='bbox 131 549 160 623; x_wconf 85' lang='lat' dir='ltr'>l,</span> <span class='ocrx_word' id='word_1_9' title='bbox 175 567 304 631; x_wconf 85' lang='lat' dir='ltr'>quarum</span> <span class='ocrx_word' id='word_1_10' title='bbox 319 545 418 608; x_wconf 87' lang='lat' dir='ltr'>altera</span> <span class='ocrx_word' id='word_1_11' title='bbox 433 545 467 608; x_wconf 89' lang='lat' dir='ltr'>in</span> <span class='ocrx_word' id='word_1_12' title='bbox 484 568 516 621; x_wconf 90' lang='lat' dir='ltr'>u,</span> <span class='ocrx_word' id='word_1_13' title='bbox 536 545 634 608; x_wconf 90' lang='lat' dir='ltr'>altera</span> <span class='ocrx_word' id='word_1_14' title='bbox 648 545 683 608; x_wconf 93' lang='lat' dir='ltr'>in</span> <span class='ocrx_word' id='word_1_15' title='bbox 698 567 717 608; x_wconf 88' lang='lat' dir='ltr'>a</span> <span class='ocrx_word' id='word_1_16' title='bbox 732 545 854 620; x_wconf 82' lang='lat' dir='ltr'>finitur,</span> <span class='ocrx_word' id='word_1_17' title='bbox 873 565 930 608; x_wconf 89' lang='lat' dir='ltr'>sua</span> <span class='ocrx_word' id='word_1_18' title='bbox 945 545 1120 609; x_wconf 76' lang='lat' dir='ltr'>conficirmt</span> <span class='ocrx_word' id='word_1_19' title='bbox 1134 569 1190 608; x_wconf 89' lang='lat' dir='ltr'>no-</span> 
     </span>
     <span class='ocr_line' id='line_1_3' title="bbox 56 643 1190 735; baseline 0 -21"><span class='ocrx_word' id='word_1_20' title='bbox 56 654 131 715; x_wconf 86' lang='lat' dir='ltr'>nina.</span> <span class='ocrx_word' id='word_1_21' title='bbox 159 655 191 715; x_wconf 88' lang='lat' dir='ltr'><strong>H</strong></span> <span class='ocrx_word' id='word_1_22' title='bbox 209 665 316 716; x_wconf 89' lang='lat' dir='ltr'>autem</span> <span class='ocrx_word' id='word_1_23' title='bbox 336 650 537 734; x_wconf 85' lang='lat' dir='ltr'>aspirationis</span> <span class='ocrx_word' id='word_1_24' title='bbox 545 648 573 686; x_wconf 74' lang='lat'>¹⁵</span> <span class='ocrx_word' id='word_1_25' title='bbox 586 649 689 735; x_wconf 83' lang='lat' dir='ltr'>magis</span> <span class='ocrx_word' id='word_1_26' title='bbox 705 643 753 713; x_wconf 76' lang='lat' dir='ltr'>&#39;est</span> <span class='ocrx_word' id='word_1_27' title='bbox 768 661 855 712; x_wconf 87' lang='lat' dir='ltr'>nota.</span> <span class='ocrx_word' id='word_1_28' title='bbox 890 650 1025 732; x_wconf 83' lang='lat' dir='ltr'>Figurae</span> <span class='ocrx_word' id='word_1_29' title='bbox 1041 649 1190 714; x_wconf 89' lang='lat' dir='ltr'>accidunt</span> 
     </span>
     <span class='ocr_line' id='line_1_4' title="bbox 56 754 1189 840; baseline 0.001 -21"><span class='ocrx_word' id='word_1_30' title='bbox 56 779 115 840; x_wconf 81' lang='lat' dir='ltr'>quas</span> <span class='ocrx_word' id='word_1_31' title='bbox 133 758 266 821; x_wconf 82' lang='lat' dir='ltr'>videmus</span> <span class='ocrx_word' id='word_1_32' title='bbox 288 757 322 819; x_wconf 93' lang='lat' dir='ltr'>in</span> <span class='ocrx_word' id='word_1_33' title='bbox 341 755 477 839; x_wconf 82' lang='lat' dir='ltr'>singulis</span> <span class='ocrx_word' id='word_1_34' title='bbox 491 755 603 820; x_wconf 88' lang='lat' dir='ltr'>literis.</span> <span class='ocrx_word' id='word_1_35' title='bbox 636 757 781 819; x_wconf 77' lang='lat' dir='ltr'>Potestas</span> <span class='ocrx_word' id='word_1_36' title='bbox 797 765 904 818; x_wconf 89' lang='lat' dir='ltr'>autem</span> <span class='ocrx_word' id='word_1_37' title='bbox 919 754 988 836; x_wconf 89' lang='lat' dir='ltr'>ipsa</span> <span class='ocrx_word' id='word_1_38' title='bbox 1002 757 1189 838; x_wconf 91' lang='lat' dir='ltr'>pronuntia-</span> 
     </span>
     <span class='ocr_line' id='line_1_5' title="bbox 54 859 1188 956; baseline 0.001 -32"><span class='ocrx_word' id='word_1_39' title='bbox 54 861 95 938; x_wconf 90' lang='lat' dir='ltr'>tio,</span> <span class='ocrx_word' id='word_1_40' title='bbox 109 874 222 946; x_wconf 90' lang='lat' dir='ltr'>propter</span> <span class='ocrx_word' id='word_1_41' title='bbox 243 883 339 956; x_wconf 81' lang='lat' dir='ltr'>quarn</span> <span class='ocrx_word' id='word_1_42' title='bbox 362 871 394 924; x_wconf 91' lang='lat' dir='ltr'>et</span> <span class='ocrx_word' id='word_1_43' title='bbox 415 862 536 944; x_wconf 82' lang='lat' dir='ltr'>figurae</span> <span class='ocrx_word' id='word_1_44' title='bbox 558 871 591 924; x_wconf 89' lang='lat' dir='ltr'>et</span> <span class='ocrx_word' id='word_1_45' title='bbox 614 861 745 924; x_wconf 89' lang='lat' dir='ltr'>nomina</span> <span class='ocrx_word' id='word_1_46' title='bbox 758 859 843 924; x_wconf 86' lang='lat' dir='ltr'>facta</span> <span class='ocrx_word' id='word_1_47' title='bbox 858 873 946 922; x_wconf 88' lang='lat' dir='ltr'>sunt.</span> <span class='ocrx_word' id='word_1_48' title='bbox 979 861 1118 928; x_wconf 84' lang='lat' dir='ltr'><strong>Quidam</strong></span> <span class='ocrx_word' id='word_1_49' title='bbox 1134 863 1188 925; x_wconf 88' lang='lat' dir='ltr'>ad-</span> 
     </span>
     <span class='ocr_line' id='line_1_6' title="bbox 52 965 1188 1050; baseline 0.001 -21"><span class='ocrx_word' id='word_1_50' title='bbox 52 968 115 1030; x_wconf 88' lang='lat' dir='ltr'>dunt</span> <span class='ocrx_word' id='word_1_51' title='bbox 126 968 212 1032; x_wconf 85' lang='lat' dir='ltr'>etiem</span> <span class='ocrx_word' id='word_1_52' title='bbox 227 969 382 1044; x_wconf 84' lang='lat' dir='ltr'><strong>ordinem,</strong></span> <span class='ocrx_word' id='word_1_53' title='bbox 400 968 456 1030; x_wconf 89' lang='lat' dir='ltr'>sed</span> <span class='ocrx_word' id='word_1_54' title='bbox 471 987 543 1050; x_wconf 86' lang='lat' dir='ltr'>pars</span> <span class='ocrx_word' id='word_1_55' title='bbox 558 977 607 1029; x_wconf 88' lang='lat' dir='ltr'>cst</span> <span class='ocrx_word' id='word_1_56' title='bbox 621 965 788 1050; x_wconf 81' lang='lat' dir='ltr'>potestatis</span> <span class='ocrx_word' id='word_1_57' title='bbox 803 965 977 1028; x_wconf 88' lang='lat' dir='ltr'>literarum.</span> <span class='ocrx_word' id='word_1_58' title='bbox 1003 965 1054 1028; x_wconf 86' lang='lat' dir='ltr'>Ex</span> <span class='ocrx_word' id='word_1_59' title='bbox 1068 965 1119 1029; x_wconf 91' lang='lat' dir='ltr'>his</span> <span class='ocrx_word' id='word_1_60' title='bbox 1135 987 1188 1030; x_wconf 88' lang='lat' dir='ltr'>vo-</span> 
     </span>
     <span class='ocr_line' id='line_1_7' title="bbox 51 1069 1188 1157; baseline -0.001 -22"><span class='ocrx_word' id='word_1_61' title='bbox 51 1073 114 1136; x_wconf 85' lang='lat' dir='ltr'>cales</span> <span class='ocrx_word' id='word_1_62' title='bbox 127 1074 278 1150; x_wconf 87' lang='lat' dir='ltr'>dicuntur,</span> <span class='ocrx_word' id='word_1_63' title='bbox 293 1093 374 1157; x_wconf 91' lang='lat' dir='ltr'>quae</span> <span class='ocrx_word' id='word_1_64' title='bbox 388 1093 445 1154; x_wconf 91' lang='lat' dir='ltr'>per</span> <span class='ocrx_word' id='word_1_65' title='bbox 461 1093 493 1135; x_wconf 91' lang='lat' dir='ltr'>se</span> <span class='ocrx_word' id='word_1_66' title='bbox 508 1093 599 1134; x_wconf 87' lang='lat' dir='ltr'>voces</span> <span class='ocrx_word' id='word_1_67' title='bbox 613 1071 796 1156; x_wconf 84' lang='lat' dir='ltr'>perficiunt,</span> <span class='ocrx_word' id='word_1_68' title='bbox 811 1081 843 1132; x_wconf 89' lang='lat' dir='ltr'>ct</span> <span class='ocrx_word' id='word_1_69' title='bbox 858 1071 926 1133; x_wconf 90' lang='lat' dir='ltr'>sine</span> <span class='ocrx_word' id='word_1_70' title='bbox 942 1069 1058 1152; x_wconf 89' lang='lat' dir='ltr'>quibus</span> <span class='ocrx_word' id='word_1_71' title='bbox 1074 1093 1134 1134; x_wconf 86' lang='lat' dir='ltr'>vox</span> <span class='ocrx_word' id='word_1_72' title='bbox 1150 1073 1188 1134; x_wconf 94' lang='lat' dir='ltr'>li-</span> 
     </span>
     <span class='ocr_line' id='line_1_8' title="bbox 50 1173 1188 1262; baseline 0 -22"><span class='ocrx_word' id='word_1_73' title='bbox 50 1178 133 1241; x_wconf 86' lang='lat' dir='ltr'>teralis</span> <span class='ocrx_word' id='word_1_74' title='bbox 152 1178 278 1262; x_wconf 84' lang='lat' dir='ltr'>proferri</span> <span class='ocrx_word' id='word_1_75' title='bbox 298 1199 365 1240; x_wconf 92' lang='lat' dir='ltr'>non</span> <span class='ocrx_word' id='word_1_76' title='bbox 386 1187 502 1260; x_wconf 91' lang='lat' dir='ltr'>potest,</span> <span class='ocrx_word' id='word_1_77' title='bbox 515 1173 541 1210; x_wconf 78' lang='lat'>¹⁰</span> <span class='ocrx_word' id='word_1_78' title='bbox 564 1179 650 1240; x_wconf 91' lang='lat' dir='ltr'>unde</span> <span class='ocrx_word' id='word_1_79' title='bbox 671 1187 703 1241; x_wconf 88' lang='lat' dir='ltr'>et</span> <span class='ocrx_word' id='word_1_80' title='bbox 723 1197 841 1239; x_wconf 89' lang='lat' dir='ltr'>nomen</span> <span class='ocrx_word' id='word_1_81' title='bbox 864 1175 923 1238; x_wconf 90' lang='lat' dir='ltr'>hoc</span> <span class='ocrx_word' id='word_1_82' title='bbox 942 1176 1112 1260; x_wconf 77' lang='lat' dir='ltr'>praecipue</span> <span class='ocrx_word' id='word_1_83' title='bbox 1127 1179 1188 1240; x_wconf 88' lang='lat' dir='ltr'>sibi</span> 
     </span>
     <span class='ocr_line' id='line_1_9' title="bbox 50 1281 1187 1365; baseline 0.002 -21"><span class='ocrx_word' id='word_1_84' title='bbox 50 1282 236 1347; x_wconf 84' lang='lat' dir='ltr'>defendunt.¹⁷</span> <span class='ocrx_word' id='word_1_85' title='bbox 256 1285 388 1346; x_wconf 83' lang='lat' dir='ltr'>Ceterae</span> <span class='ocrx_word' id='word_1_86' title='bbox 400 1282 497 1357; x_wconf 91' lang='lat' dir='ltr'>enim,</span> <span class='ocrx_word' id='word_1_87' title='bbox 509 1303 591 1364; x_wconf 88' lang='lat' dir='ltr'>quae</span> <span class='ocrx_word' id='word_1_88' title='bbox 604 1303 677 1345; x_wconf 88' lang='lat' dir='ltr'>cum</span> <span class='ocrx_word' id='word_1_89' title='bbox 688 1281 739 1345; x_wconf 88' lang='lat' dir='ltr'>his</span> <span class='ocrx_word' id='word_1_90' title='bbox 748 1282 964 1365; x_wconf 85' lang='lat' dir='ltr'>proferuntur,</span> <span class='ocrx_word' id='word_1_91' title='bbox 976 1293 1187 1346; x_wconf 79' lang='lat' dir='ltr'>consonantes</span> 
     </span>
     <span class='ocr_line' id='line_1_10' title="bbox 49 1386 1187 1470; baseline 0.003 -22"><span class='ocrx_word' id='word_1_92' title='bbox 49 1387 230 1470; x_wconf 81' lang='lat' dir='ltr'>appellantur.</span> <span class='ocrx_word' id='word_1_93' title='bbox 258 1387 343 1451; x_wconf 88' lang='lat' dir='ltr'>Sunt</span> <span class='ocrx_word' id='word_1_94' title='bbox 356 1387 456 1470; x_wconf 86' lang='lat' dir='ltr'>igitur</span> <span class='ocrx_word' id='word_1_95' title='bbox 471 1387 595 1450; x_wconf 86' lang='lat' dir='ltr'>vocales</span> <span class='ocrx_word' id='word_1_96' title='bbox 610 1408 743 1450; x_wconf 87' lang='lat' dir='ltr'>numero</span> <span class='ocrx_word' id='word_1_97' title='bbox 759 1386 911 1470; x_wconf 91' lang='lat' dir='ltr'>quinque,</span> <span class='ocrx_word' id='word_1_98' title='bbox 930 1409 980 1449; x_wconf 88' lang='lat' dir='ltr'>ae</span> <span class='ocrx_word' id='word_1_99' title='bbox 995 1387 1006 1448; x_wconf 93' lang='lat' dir='ltr'>i</span> <span class='ocrx_word' id='word_1_100' title='bbox 1022 1409 1040 1450; x_wconf 95' lang='lat' dir='ltr'>o</span> <span class='ocrx_word' id='word_1_101' title='bbox 1055 1409 1088 1450; x_wconf 91' lang='lat' dir='ltr'>u.</span> <span class='ocrx_word' id='word_1_102' title='bbox 1115 1389 1187 1452; x_wconf 91' lang='lat' dir='ltr'>Uti-</span> 
     </span>
     <span class='ocr_line' id='line_1_11' title="bbox 48 1491 1187 1576; baseline 0.003 -23"><span class='ocrx_word' id='word_1_103' title='bbox 48 1513 102 1554; x_wconf 89' lang='lat' dir='ltr'>nur</span> <span class='ocrx_word' id='word_1_104' title='bbox 123 1503 223 1558; x_wconf 85' lang='lat' dir='ltr'>autem</span> <span class='ocrx_word' id='word_1_105' title='bbox 246 1493 341 1558; x_wconf 82' lang='lat' dir='ltr'>etiem</span> <span class='ocrx_word' id='word_1_106' title='bbox 362 1515 383 1575; x_wconf 92' lang='lat' dir='ltr'>y</span> <span class='ocrx_word' id='word_1_107' title='bbox 405 1493 506 1556; x_wconf 85' lang='lat' dir='ltr'>vocali</span> <span class='ocrx_word' id='word_1_108' title='bbox 527 1515 712 1576; x_wconf 84' lang='lat' dir='ltr'>graecorum</span> <span class='ocrx_word' id='word_1_109' title='bbox 735 1515 831 1557; x_wconf 90' lang='lat' dir='ltr'>causa</span> <span class='ocrx_word' id='word_1_110' title='bbox 851 1491 1029 1554; x_wconf 89' lang='lat' dir='ltr'>nominum.</span> <span class='ocrx_word' id='word_1_111' title='bbox 1067 1493 1187 1556; x_wconf 84' lang='lat' dir='ltr'>Conso-</span> 
     </span>
     <span class='ocr_line' id='line_1_12' title="bbox 47 1597 1187 1675; baseline 0.003 -16"><span class='ocrx_word' id='word_1_112' title='bbox 47 1597 167 1661; x_wconf 83' lang='lat' dir='ltr'>nantium</span> <span class='ocrx_word' id='word_1_113' title='bbox 186 1608 295 1662; x_wconf 90' lang='lat' dir='ltr'>autem</span> <span class='ocrx_word' id='word_1_114' title='bbox 310 1597 390 1661; x_wconf 88' lang='lat' dir='ltr'>aliae</span> <span class='ocrx_word' id='word_1_115' title='bbox 406 1609 483 1661; x_wconf 90' lang='lat' dir='ltr'>sunt</span> <span class='ocrx_word' id='word_1_116' title='bbox 497 1597 711 1675; x_wconf 84' lang='lat' dir='ltr'>semivocales,</span> <span class='ocrx_word' id='word_1_117' title='bbox 729 1597 810 1662; x_wconf 88' lang='lat' dir='ltr'>aliae</span> <span class='ocrx_word' id='word_1_118' title='bbox 825 1607 944 1660; x_wconf 84' lang='lat' dir='ltr'>mutae.</span> <span class='ocrx_word' id='word_1_119' title='bbox 976 1597 1187 1662; x_wconf 87' lang='lat' dir='ltr'>Semivocales</span> 
     </span>
     <span class='ocr_line' id='line_1_13' title="bbox 45 1703 1188 1788; baseline 0.003 -24"><span class='ocrx_word' id='word_1_120' title='bbox 45 1711 114 1779; x_wconf 85' lang='lat' dir='ltr'>sunt,</span> <span class='ocrx_word' id='word_1_121' title='bbox 129 1713 163 1765; x_wconf 94' lang='lat' dir='ltr'>ut</span> <span class='ocrx_word' id='word_1_122' title='bbox 178 1704 339 1787; x_wconf 85' lang='lat' dir='ltr'>plerisque</span> <span class='ocrx_word' id='word_1_123' title='bbox 354 1703 542 1767; x_wconf 86' lang='lat' dir='ltr'>Latinorum</span> <span class='ocrx_word' id='word_1_124' title='bbox 556 1704 688 1788; x_wconf 89' lang='lat' dir='ltr'>placuit,</span> <span class='ocrx_word' id='word_1_125' title='bbox 707 1715 841 1787; x_wconf 89' lang='lat' dir='ltr'>septem,</span> <span class='ocrx_word' id='word_1_126' title='bbox 858 1703 875 1764; x_wconf 84' lang='lat' dir='ltr'>f</span> <span class='ocrx_word' id='word_1_127' title='bbox 885 1703 897 1764; x_wconf 98' lang='lat' dir='ltr'>l</span> <span class='ocrx_word' id='word_1_128' title='bbox 912 1724 944 1764; x_wconf 93' lang='lat' dir='ltr'>m</span> <span class='ocrx_word' id='word_1_129' title='bbox 958 1724 1012 1765; x_wconf 90' lang='lat' dir='ltr'>nr</span> <span class='ocrx_word' id='word_1_130' title='bbox 1057 1725 1089 1765; x_wconf 81' lang='lat' dir='ltr'>x.</span> <span class='ocrx_word' id='word_1_131' title='bbox 1124 1703 1188 1767; x_wconf 82' lang='lat' dir='ltr'>Sed</span> 
     </span>
     <span class='ocr_line' id='line_1_14' title="bbox 45 1807 1185 1892; baseline 0.004 -25"><span class='ocrx_word' id='word_1_132' title='bbox 45 1807 57 1867; x_wconf 82' lang='lat' dir='ltr'>f</span> <span class='ocrx_word' id='word_1_133' title='bbox 63 1809 156 1872; x_wconf 89' lang='lat' dir='ltr'>multis</span> <span class='ocrx_word' id='word_1_134' title='bbox 169 1809 272 1872; x_wconf 89' lang='lat' dir='ltr'>modis</span> <span class='ocrx_word' id='word_1_135' title='bbox 287 1808 466 1871; x_wconf 84' lang='lat' dir='ltr'>ostenditur</span> <span class='ocrx_word' id='word_1_136' title='bbox 480 1820 571 1872; x_wconf 90' lang='lat' dir='ltr'>muta</span> <span class='ocrx_word' id='word_1_137' title='bbox 585 1809 699 1892; x_wconf 86' lang='lat' dir='ltr'>magis,</span> <span class='ocrx_word' id='word_1_138' title='bbox 717 1810 756 1872; x_wconf 90' lang='lat' dir='ltr'>de</span> <span class='ocrx_word' id='word_1_139' title='bbox 771 1830 835 1891; x_wconf 86' lang='lat' dir='ltr'>qua</span> <span class='ocrx_word' id='word_1_140' title='bbox 849 1819 922 1891; x_wconf 90' lang='lat' dir='ltr'>post</span> <span class='ocrx_word' id='word_1_141' title='bbox 935 1807 1129 1872; x_wconf 84' lang='lat' dir='ltr'>docebimus.</span> <span class='ocrx_word' id='word_1_142' title='bbox 1160 1811 1185 1872; x_wconf 88' lang='grc' dir='ltr'>Ζ</span> 
     </span>
     <span class='ocr_line' id='line_1_15' title="bbox 43 1895 1187 1997; baseline 0.003 -22"><span class='ocrx_word' id='word_1_143' title='bbox 43 1931 146 1997; x_wconf 88' lang='lat' dir='ltr'>quoque</span> <span class='ocrx_word' id='word_1_144' title='bbox 160 1915 282 1978; x_wconf 87' lang='lat' dir='ltr'>utimur</span> <span class='ocrx_word' id='word_1_145' title='bbox 295 1913 331 1975; x_wconf 91' lang='lat' dir='ltr'>in</span> <span class='ocrx_word' id='word_1_146' title='bbox 345 1915 466 1997; x_wconf 82' lang='lat' dir='ltr'>graecis</span> <span class='ocrx_word' id='word_1_147' title='bbox 482 1915 685 1981; x_wconf 87' lang='lat' dir='ltr'>dictionibus.</span> <span class='ocrx_word' id='word_1_148' title='bbox 711 1915 785 1977; x_wconf 89' lang='lat' dir='ltr'>Hae</span> <span class='ocrx_word' id='word_1_149' title='bbox 800 1935 885 1997; x_wconf 87' lang='lat' dir='ltr'>ergo,</span> <span class='ocrx_word' id='word_1_150' title='bbox 904 1913 964 1976; x_wconf 90' lang='lat' dir='ltr'>hoc</span> <span class='ocrx_word' id='word_1_151' title='bbox 979 1895 1038 1989; x_wconf 74' lang='lat' dir='ltr'>est,</span> <span class='ocrx_word' id='word_1_152' title='bbox 1056 1913 1187 1978; x_wconf 87' lang='lat' dir='ltr'>semivo-</span> 
     </span>
     <span class='ocr_line' id='line_1_16' title="bbox 42 2017 1184 2103; baseline 0.003 -23"><span class='ocrx_word' id='word_1_153' title='bbox 42 2017 118 2096; x_wconf 87' lang='lat' dir='ltr'>cales,</span> <span class='ocrx_word' id='word_1_154' title='bbox 134 2031 289 2103; x_wconf 89' lang='lat' dir='ltr'>quantum</span> <span class='ocrx_word' id='word_1_155' title='bbox 310 2018 484 2082; x_wconf 84' lang='lat' dir='ltr'>vincuntur</span> <span class='ocrx_word' id='word_1_156' title='bbox 504 2041 523 2082; x_wconf 89' lang='lat' dir='ltr'>a</span> <span class='ocrx_word' id='word_1_157' title='bbox 539 2021 711 2096; x_wconf 86' lang='lat' dir='ltr'>vocalibus,</span> <span class='ocrx_word' id='word_1_158' title='bbox 725 2018 734 2054; x_wconf 93' lang='lat'><strong>¹</strong></span> <span class='ocrx_word' id='word_1_159' title='bbox 760 2029 886 2083; x_wconf 84' lang='lat' dir='ltr'>tantum</span> <span class='ocrx_word' id='word_1_160' title='bbox 901 2029 1053 2101; x_wconf 87' lang='lat' dir='ltr'>superant</span> <span class='ocrx_word' id='word_1_161' title='bbox 1067 2031 1184 2085; x_wconf 84' lang='lat' dir='ltr'>mutas.</span> 
     </span>
     <span class='ocr_line' id='line_1_17' title="bbox 43 2121 1188 2208; baseline 0.008 -26"><span class='ocrx_word' id='word_1_162' title='bbox 43 2121 103 2186; x_wconf 90' lang='lat' dir='ltr'>Ideo</span> <span class='ocrx_word' id='word_1_163' title='bbox 122 2127 204 2208; x_wconf 87' lang='lat' dir='ltr'>apud</span> <span class='ocrx_word' id='word_1_164' title='bbox 220 2126 359 2188; x_wconf 89' lang='lat' dir='ltr'>Graecos</span> <span class='ocrx_word' id='word_1_165' title='bbox 382 2125 510 2206; x_wconf 91' lang='lat' dir='ltr'>quidem</span> <span class='ocrx_word' id='word_1_166' title='bbox 531 2147 642 2189; x_wconf 89' lang='lat' dir='ltr'>omnes</span> <span class='ocrx_word' id='word_1_167' title='bbox 664 2125 819 2189; x_wconf 89' lang='lat' dir='ltr'>dictiones</span> <span class='ocrx_word' id='word_1_168' title='bbox 834 2125 884 2188; x_wconf 85' lang='lat' dir='ltr'>vel</span> <span class='ocrx_word' id='word_1_169' title='bbox 899 2124 933 2186; x_wconf 91' lang='lat' dir='ltr'>in</span> <span class='ocrx_word' id='word_1_170' title='bbox 949 2125 1072 2188; x_wconf 85' lang='lat' dir='ltr'>vocales</span> <span class='ocrx_word' id='word_1_171' title='bbox 1087 2127 1138 2190; x_wconf 84' lang='lat' dir='ltr'>vel</span> <span class='ocrx_word' id='word_1_172' title='bbox 1153 2127 1188 2191; x_wconf 90' lang='lat' dir='ltr'>iu</span> 
     </span>
     <span class='ocr_line' id='line_1_18' title="bbox 41 2227 1188 2316; baseline 0.005 -26"><span class='ocrx_word' id='word_1_173' title='bbox 41 2228 234 2307; x_wconf 80' lang='lat' dir='ltr'>semivocales,</span> <span class='ocrx_word' id='word_1_174' title='bbox 252 2252 334 2314; x_wconf 86' lang='lat' dir='ltr'>quae</span> <span class='ocrx_word' id='word_1_175' title='bbox 350 2227 543 2294; x_wconf 85' lang='lat' dir='ltr'>secundam²</span> <span class='ocrx_word' id='word_1_176' title='bbox 558 2231 678 2294; x_wconf 89' lang='lat' dir='ltr'>habent</span> <span class='ocrx_word' id='word_1_177' title='bbox 693 2229 898 2314; x_wconf 88' lang='lat' dir='ltr'>euphoniam,</span> <span class='ocrx_word' id='word_1_178' title='bbox 913 2230 1076 2310; x_wconf 89' lang='lat' dir='ltr'>desinunt,</span> <span class='ocrx_word' id='word_1_179' title='bbox 1091 2254 1188 2316; x_wconf 91' lang='lat' dir='ltr'>quam</span> 
     </span>
     <span class='ocr_line' id='line_1_19' title="bbox 39 2322 1188 2419; baseline 0.004 -23"><span class='ocrx_word' id='word_1_180' title='bbox 39 2353 85 2396; x_wconf 85' lang='lat' dir='ltr'>nos</span> <span class='ocrx_word' id='word_1_181' title='bbox 96 2331 316 2399; x_wconf 80' lang='lat' dir='ltr'>sonoritatom³</span> <span class='ocrx_word' id='word_1_182' title='bbox 328 2349 496 2419; x_wconf 85' lang='lat' dir='ltr'>possumus</span> <span class='ocrx_word' id='word_1_183' title='bbox 508 2322 622 2412; x_wconf 78' lang='lat' dir='ltr'>dicere,</span> <span class='ocrx_word' id='word_1_184' title='bbox 635 2338 721 2419; x_wconf 87' lang='lat' dir='ltr'>apud</span> <span class='ocrx_word' id='word_1_185' title='bbox 734 2335 866 2400; x_wconf 86' lang='lat' dir='ltr'>Latinos</span> <span class='ocrx_word' id='word_1_186' title='bbox 878 2347 986 2400; x_wconf 85' lang='lat' dir='ltr'>autem</span> <span class='ocrx_word' id='word_1_187' title='bbox 997 2357 1037 2398; x_wconf 88' lang='lat' dir='ltr'>ex</span> <span class='ocrx_word' id='word_1_188' title='bbox 1048 2337 1188 2401; x_wconf 84' lang='lat' dir='ltr'>maxima</span> 
     </span>
     <span class='ocr_line' id='line_1_20' title="bbox 39 2441 1187 2524; baseline 0 -20"><span class='ocrx_word' id='word_1_189' title='bbox 39 2449 122 2520; x_wconf 77' lang='lat' dir='ltr'>perte,</span> <span class='ocrx_word' id='word_1_190' title='bbox 143 2463 209 2506; x_wconf 92' lang='lat' dir='ltr'>non</span> <span class='ocrx_word' id='word_1_191' title='bbox 233 2453 341 2505; x_wconf 89' lang='lat' dir='ltr'>tamen</span> <span class='ocrx_word' id='word_1_192' title='bbox 361 2461 482 2504; x_wconf 88' lang='lat' dir='ltr'>omnes.</span> <span class='ocrx_word' id='word_1_193' title='bbox 515 2441 731 2505; x_wconf 87' lang='lat' dir='ltr'>Inveniuntur</span> <span class='ocrx_word' id='word_1_194' title='bbox 753 2442 839 2505; x_wconf 89' lang='lat' dir='ltr'>enim</span> <span class='ocrx_word' id='word_1_195' title='bbox 859 2443 1015 2524; x_wconf 87' lang='lat' dir='ltr'>quaedam</span> <span class='ocrx_word' id='word_1_196' title='bbox 1036 2441 1132 2504; x_wconf 89' lang='lat' dir='ltr'>etiam</span> <span class='ocrx_word' id='word_1_197' title='bbox 1152 2441 1187 2504; x_wconf 90' lang='lat' dir='ltr'>in</span> 
     </span>
     <span class='ocr_line' id='line_1_21' title="bbox 38 2546 1187 2631; baseline 0.003 -25"><span class='ocrx_word' id='word_1_198' title='bbox 38 2557 125 2609; x_wconf 87' lang='lat' dir='ltr'>mutas</span> <span class='ocrx_word' id='word_1_199' title='bbox 146 2548 339 2611; x_wconf 88' lang='lat' dir='ltr'>desinentes.</span> <span class='ocrx_word' id='word_1_200' title='bbox 373 2546 584 2610; x_wconf 79' lang='lat' dir='ltr'>semivocales</span> <span class='ocrx_word' id='word_1_201' title='bbox 605 2557 713 2610; x_wconf 89' lang='lat' dir='ltr'>autem</span> <span class='ocrx_word' id='word_1_202' title='bbox 728 2559 805 2611; x_wconf 91' lang='lat' dir='ltr'>suut</span> <span class='ocrx_word' id='word_1_203' title='bbox 819 2547 1007 2631; x_wconf 77' lang='lat' dir='ltr'>appellatae,</span> <span class='ocrx_word' id='word_1_204' title='bbox 1025 2569 1106 2629; x_wconf 90' lang='lat' dir='ltr'>quae</span> <span class='ocrx_word' id='word_1_205' title='bbox 1121 2547 1187 2630; x_wconf 92' lang='lat' dir='ltr'>ple-</span> 
     </span>
     <span class='ocr_line' id='line_1_22' title="bbox 37 2649 1185 2736; baseline 0.004 -24"><span class='ocrx_word' id='word_1_206' title='bbox 37 2671 99 2714; x_wconf 83' lang='lat' dir='ltr'>nam</span> <span class='ocrx_word' id='word_1_207' title='bbox 119 2673 228 2716; x_wconf 85' lang='lat' dir='ltr'>vocem</span> <span class='ocrx_word' id='word_1_208' title='bbox 249 2673 315 2715; x_wconf 89' lang='lat' dir='ltr'>non</span> <span class='ocrx_word' id='word_1_209' title='bbox 337 2649 492 2727; x_wconf 69' lang='lat' dir='ltr'>habent*</span> <span class='ocrx_word' id='word_1_210' title='bbox 513 2661 557 2714; x_wconf 84' lang='lat' dir='ltr'>ut¹</span> <span class='ocrx_word' id='word_1_211' title='bbox 570 2653 724 2716; x_wconf 88' lang='lat' dir='ltr'>semideos</span> <span class='ocrx_word' id='word_1_212' title='bbox 747 2664 779 2716; x_wconf 89' lang='lat' dir='ltr'>et</span> <span class='ocrx_word' id='word_1_213' title='bbox 796 2653 958 2716; x_wconf 83' lang='lat' dir='ltr'>semiviros</span> <span class='ocrx_word' id='word_1_214' title='bbox 975 2652 1185 2736; x_wconf 88' lang='lat' dir='ltr'>appellamus,</span> 
     </span>
     <span class='ocr_line' id='line_1_23' title="bbox 36 2757 1188 2843; baseline 0.004 -26"><span class='ocrx_word' id='word_1_215' title='bbox 36 2777 89 2818; x_wconf 93' lang='lat' dir='ltr'>non</span> <span class='ocrx_word' id='word_1_216' title='bbox 108 2759 161 2842; x_wconf 92' lang='lat' dir='ltr'>qui</span> <span class='ocrx_word' id='word_1_217' title='bbox 181 2757 347 2822; x_wconf 80' lang='lat' dir='ltr'>dimidiam</span> <span class='ocrx_word' id='word_1_218' title='bbox 368 2767 492 2840; x_wconf 88' lang='lat' dir='ltr'>partem</span> <span class='ocrx_word' id='word_1_219' title='bbox 512 2757 632 2821; x_wconf 87' lang='lat' dir='ltr'>habent</span> <span class='ocrx_word' id='word_1_220' title='bbox 655 2759 787 2821; x_wconf 83' lang='lat' dir='ltr'>deorum</span> <span class='ocrx_word' id='word_1_221' title='bbox 808 2759 856 2820; x_wconf 86' lang='lat' dir='ltr'>vel</span> <span class='ocrx_word' id='word_1_222' title='bbox 878 2757 1030 2834; x_wconf 84' lang='lat' dir='ltr'>virorum,</span> <span class='ocrx_word' id='word_1_223' title='bbox 1055 2759 1109 2821; x_wconf 89' lang='lat' dir='ltr'>sed</span> <span class='ocrx_word' id='word_1_224' title='bbox 1132 2760 1188 2843; x_wconf 92' lang='lat' dir='ltr'>qui</span> 
     </span>
     <span class='ocr_line' id='line_1_24' title="bbox 34 2859 1187 2946; baseline 0.007 -24"><span class='ocrx_word' id='word_1_225' title='bbox 34 2859 107 2943; x_wconf 86' lang='lat' dir='ltr'>pleni</span> <span class='ocrx_word' id='word_1_226' title='bbox 121 2863 165 2927; x_wconf 90' lang='lat' dir='ltr'>dii</span> <span class='ocrx_word' id='word_1_227' title='bbox 180 2863 233 2928; x_wconf 83' lang='lat' dir='ltr'>vel</span> <span class='ocrx_word' id='word_1_228' title='bbox 247 2861 308 2926; x_wconf 81' lang='lat' dir='ltr'>viri</span> <span class='ocrx_word' id='word_1_229' title='bbox 322 2883 388 2925; x_wconf 89' lang='lat' dir='ltr'>non</span> <span class='ocrx_word' id='word_1_230' title='bbox 404 2859 516 2925; x_wconf 74' lang='lat' dir='ltr'>sunt.⁵</span> <span class='ocrx_word' id='word_1_231' title='bbox 545 2863 701 2946; x_wconf 88' lang='lat' dir='ltr'>Reliquae</span> <span class='ocrx_word' id='word_1_232' title='bbox 716 2873 793 2926; x_wconf 91' lang='lat' dir='ltr'>sunt</span> <span class='ocrx_word' id='word_1_233' title='bbox 807 2873 926 2939; x_wconf 83' lang='lat' dir='ltr'>mutae,</span> <span class='ocrx_word' id='word_1_234' title='bbox 944 2873 982 2926; x_wconf 88' lang='lat' dir='ltr'>ut</span> <span class='ocrx_word' id='word_1_235' title='bbox 996 2864 1187 2946; x_wconf 87' lang='lat' dir='ltr'>quibusdam</span> 
     </span>
     <span class='ocr_line' id='line_1_25' title="bbox 34 2965 1187 3052; baseline 0.007 -25"><span class='ocrx_word' id='word_1_236' title='bbox 34 2965 154 3046; x_wconf 84' lang='lat' dir='ltr'>ridetur,</span> <span class='ocrx_word' id='word_1_237' title='bbox 168 2989 303 3034; x_wconf 85' lang='lat' dir='ltr'>numero</span> <span class='ocrx_word' id='word_1_238' title='bbox 318 2989 444 3044; x_wconf 89' lang='lat' dir='ltr'>novem,</span> <span class='ocrx_word' id='word_1_239' title='bbox 458 2969 479 3030; x_wconf 93' lang='lat' dir='ltr'>b</span> <span class='ocrx_word' id='word_1_240' title='bbox 494 2989 512 3030; x_wconf 89' lang='lat' dir='ltr'>o</span> <span class='ocrx_word' id='word_1_241' title='bbox 527 2969 548 3031; x_wconf 92' lang='lat' dir='ltr'>d</span> <span class='ocrx_word' id='word_1_242' title='bbox 562 2989 585 3051; x_wconf 78' lang='lat' dir='ltr'>g</span> <span class='ocrx_word' id='word_1_243' title='bbox 599 2967 622 3031; x_wconf 94' lang='lat' dir='ltr'>h</span> <span class='ocrx_word' id='word_1_244' title='bbox 636 2969 659 3031; x_wconf 90' lang='lat' dir='ltr'>k</span> <span class='ocrx_word' id='word_1_245' title='bbox 674 2991 696 3052; x_wconf 93' lang='lat' dir='ltr'>p</span> <span class='ocrx_word' id='word_1_246' title='bbox 711 2991 731 3052; x_wconf 95' lang='lat' dir='ltr'>q</span> <span class='ocrx_word' id='word_1_247' title='bbox 747 2979 770 3031; x_wconf 91' lang='lat' dir='ltr'>t.</span> <span class='ocrx_word' id='word_1_248' title='bbox 798 2969 841 3031; x_wconf 87' lang='lat' dir='ltr'>Et</span> <span class='ocrx_word' id='word_1_249' title='bbox 855 2977 943 3044; x_wconf 87' lang='lat' dir='ltr'>sunt,</span> <span class='ocrx_word' id='word_1_250' title='bbox 957 2969 1013 3051; x_wconf 93' lang='lat' dir='ltr'>qui</span> <span class='ocrx_word' id='word_1_251' title='bbox 1027 2991 1093 3034; x_wconf 92' lang='lat' dir='ltr'>non</span> <span class='ocrx_word' id='word_1_252' title='bbox 1106 2972 1187 3035; x_wconf 90' lang='lat' dir='ltr'>bene</span> 
     </span>
    </p>
   </div>
   <div class='ocr_carea' id='block_1_3' title="bbox 28 3069 1189 3687">
    <p class='ocr_par' dir='ltr' id='par_1_3' title="bbox 28 3069 1189 3687">
     <span class='ocr_line' id='line_1_26' title="bbox 34 3069 1184 3159; baseline 0.006 -27"><span class='ocrx_word' id='word_1_253' title='bbox 34 3069 83 3135; x_wconf 89' lang='lat' dir='ltr'>hoc</span> <span class='ocrx_word' id='word_1_254' title='bbox 96 3095 212 3138; x_wconf 87' lang='lat' dir='ltr'>nomen</span> <span class='ocrx_word' id='word_1_255' title='bbox 228 3084 345 3159; x_wconf 91' lang='lat' dir='ltr'>putant</span> <span class='ocrx_word' id='word_1_256' title='bbox 360 3095 412 3136; x_wconf 90' lang='lat' dir='ltr'>eas</span> <span class='ocrx_word' id='word_1_257' title='bbox 427 3071 596 3155; x_wconf 86' lang='lat' dir='ltr'>accepisse,</span> <span class='ocrx_word' id='word_1_258' title='bbox 611 3096 684 3142; x_wconf 90' lang='lat' dir='ltr'>cum</span> <span class='ocrx_word' id='word_1_259' title='bbox 700 3075 761 3137; x_wconf 86' lang='lat' dir='ltr'>hae</span> <span class='ocrx_word' id='word_1_260' title='bbox 776 3095 902 3157; x_wconf 92' lang='lat' dir='ltr'>quoque</span> <span class='ocrx_word' id='word_1_261' title='bbox 917 3095 989 3157; x_wconf 88' lang='lat' dir='ltr'>pars</span> <span class='ocrx_word' id='word_1_262' title='bbox 1005 3075 1071 3138; x_wconf 90' lang='lat' dir='ltr'>sint</span> <span class='ocrx_word' id='word_1_263' title='bbox 1081 3077 1166 3140; x_wconf 81' lang='lat' dir='ltr'>vocis</span> <span class='ocrx_word' id='word_1_264' title='bbox 1175 3103 1184 3153; x_wconf 91' lang='lat'>;</span> 
     </span>
     <span class='ocr_line' id='line_1_27' title="bbox 32 3176 1188 3263; baseline 0.005 -24"><span class='ocrx_word' id='word_1_265' title='bbox 32 3178 79 3258; x_wconf 90' lang='lat' dir='ltr'>qui</span> <span class='ocrx_word' id='word_1_266' title='bbox 96 3176 280 3258; x_wconf 80' lang='lat' dir='ltr'>nesciunt,⁰</span> <span class='ocrx_word' id='word_1_267' title='bbox 301 3180 387 3263; x_wconf 90' lang='lat' dir='ltr'>quod</span> <span class='ocrx_word' id='word_1_268' title='bbox 408 3179 449 3242; x_wconf 93' lang='lat' dir='ltr'>ad</span> <span class='ocrx_word' id='word_1_269' title='bbox 469 3179 736 3262; x_wconf 88' lang='lat' dir='ltr'>comparationem</span> <span class='ocrx_word' id='word_1_270' title='bbox 757 3181 837 3244; x_wconf 90' lang='lat' dir='ltr'>bene</span> <span class='ocrx_word' id='word_1_271' title='bbox 859 3179 1042 3242; x_wconf 88' lang='lat' dir='ltr'>sonantium</span> <span class='ocrx_word' id='word_1_272' title='bbox 1062 3179 1108 3243; x_wconf 87' lang='lat' dir='ltr'>ita</span> <span class='ocrx_word' id='word_1_273' title='bbox 1123 3182 1188 3244; x_wconf 88' lang='lat' dir='ltr'>sint</span> 
     </span>
     <span class='ocr_line' id='line_1_28' title="bbox 30 3282 1184 3366; baseline 0.008 -24"><span class='ocrx_word' id='word_1_274' title='bbox 30 3284 213 3363; x_wconf 89' lang='lat' dir='ltr'>nominatae,</span> <span class='ocrx_word' id='word_1_275' title='bbox 232 3285 320 3349; x_wconf 85' lang='lat' dir='ltr'>velut</span> <span class='ocrx_word' id='word_1_276' title='bbox 339 3283 484 3348; x_wconf 82' lang='lat' dir='ltr'>informis</span> <span class='ocrx_word' id='word_1_277' title='bbox 499 3283 615 3348; x_wconf 87' lang='lat' dir='ltr'>dieitur</span> <span class='ocrx_word' id='word_1_278' title='bbox 629 3282 777 3360; x_wconf 87' lang='lat' dir='ltr'>mulier,⁷</span> <span class='ocrx_word' id='word_1_279' title='bbox 798 3305 863 3348; x_wconf 92' lang='lat' dir='ltr'>non</span> <span class='ocrx_word' id='word_1_280' title='bbox 880 3305 960 3366; x_wconf 87' lang='lat' dir='ltr'>quaa</span> <span class='ocrx_word' id='word_1_281' title='bbox 975 3296 1059 3348; x_wconf 92' lang='lat' dir='ltr'>caret</span> <span class='ocrx_word' id='word_1_282' title='bbox 1073 3285 1184 3365; x_wconf 87' lang='lat' dir='ltr'>forma,</span> 
     </span>
     <span class='ocr_line' id='line_1_29' title="bbox 30 3390 1188 3476; baseline 0.003 -24"><span class='ocrx_word' id='word_1_283' title='bbox 30 3391 77 3452; x_wconf 86' lang='lat' dir='ltr'>sed</span> <span class='ocrx_word' id='word_1_284' title='bbox 95 3413 176 3474; x_wconf 88' lang='lat' dir='ltr'>quae</span> <span class='ocrx_word' id='word_1_285' title='bbox 191 3393 277 3456; x_wconf 89' lang='lat' dir='ltr'>male</span> <span class='ocrx_word' id='word_1_286' title='bbox 289 3402 339 3455; x_wconf 86' lang='lat' dir='ltr'>est</span> <span class='ocrx_word' id='word_1_287' title='bbox 352 3391 499 3466; x_wconf 84' lang='lat' dir='ltr'>formata,</span> <span class='ocrx_word' id='word_1_288' title='bbox 516 3400 549 3454; x_wconf 92' lang='lat' dir='ltr'>et</span> <span class='ocrx_word' id='word_1_289' title='bbox 562 3390 714 3474; x_wconf 75' lang='lat' dir='ltr'>frigidum</span> <span class='ocrx_word' id='word_1_290' title='bbox 729 3390 864 3454; x_wconf 89' lang='lat' dir='ltr'>dicimus</span> <span class='ocrx_word' id='word_1_291' title='bbox 879 3411 965 3466; x_wconf 90' lang='lat' dir='ltr'>eum,</span> <span class='ocrx_word' id='word_1_292' title='bbox 983 3390 1039 3473; x_wconf 93' lang='lat' dir='ltr'>qui</span> <span class='ocrx_word' id='word_1_293' title='bbox 1053 3413 1119 3454; x_wconf 89' lang='lat' dir='ltr'>non</span> <span class='ocrx_word' id='word_1_294' title='bbox 1134 3415 1188 3476; x_wconf 88' lang='lat' dir='ltr'>pe·</span> 
     </span>
     <span class='ocr_line' id='line_1_30' title="bbox 28 3491 1189 3583; baseline 0.006 -26"><span class='ocrx_word' id='word_1_295' title='bbox 28 3493 108 3560; x_wconf 86' lang='lat' dir='ltr'>nitus</span> <span class='ocrx_word' id='word_1_296' title='bbox 131 3519 246 3583; x_wconf 81' lang='lat' dir='ltr'>expers</span> <span class='ocrx_word' id='word_1_297' title='bbox 269 3507 318 3562; x_wconf 93' lang='lat' dir='ltr'>est</span> <span class='ocrx_word' id='word_1_298' title='bbox 338 3491 481 3573; x_wconf 64' lang='lat' dir='ltr'>caloris,a</span> <span class='ocrx_word' id='word_1_299' title='bbox 502 3497 557 3560; x_wconf 90' lang='lat' dir='ltr'>sed</span> <span class='ocrx_word' id='word_1_300' title='bbox 580 3496 635 3579; x_wconf 91' lang='lat' dir='ltr'>qui</span> <span class='ocrx_word' id='word_1_301' title='bbox 654 3495 787 3560; x_wconf 88' lang='lat' dir='ltr'>minimo</span> <span class='ocrx_word' id='word_1_302' title='bbox 801 3496 862 3559; x_wconf 91' lang='lat' dir='ltr'>hoc</span> <span class='ocrx_word' id='word_1_303' title='bbox 876 3495 990 3558; x_wconf 89' lang='lat' dir='ltr'>utitur.</span> <span class='ocrx_word' id='word_1_304' title='bbox 1023 3497 1077 3560; x_wconf 83' lang='lat' dir='ltr'>Sic</span> <span class='ocrx_word' id='word_1_305' title='bbox 1091 3499 1189 3582; x_wconf 80' lang='lat' dir='ltr'>igitur</span> 
     </span>
     <span class='ocr_line' id='line_1_31' title="bbox 28 3600 1189 3687; baseline 0.004 -24"><span class='ocrx_word' id='word_1_306' title='bbox 28 3601 115 3666; x_wconf 83' lang='lat' dir='ltr'>etiem</span> <span class='ocrx_word' id='word_1_307' title='bbox 134 3614 257 3680; x_wconf 83' lang='lat' dir='ltr'>mutas,</span> <span class='ocrx_word' id='word_1_308' title='bbox 279 3624 345 3666; x_wconf 91' lang='lat' dir='ltr'>non</span> <span class='ocrx_word' id='word_1_309' title='bbox 366 3622 447 3686; x_wconf 91' lang='lat' dir='ltr'>quae</span> <span class='ocrx_word' id='word_1_310' title='bbox 468 3600 598 3665; x_wconf 91' lang='lat' dir='ltr'>omnino</span> <span class='ocrx_word' id='word_1_311' title='bbox 620 3621 696 3664; x_wconf 88' lang='lat' dir='ltr'>voca</span> <span class='ocrx_word' id='word_1_312' title='bbox 718 3611 836 3678; x_wconf 89' lang='lat' dir='ltr'>carent,</span> <span class='ocrx_word' id='word_1_313' title='bbox 862 3603 917 3665; x_wconf 89' lang='lat' dir='ltr'>sed</span> <span class='ocrx_word' id='word_1_314' title='bbox 937 3623 1018 3686; x_wconf 89' lang='lat' dir='ltr'>quae</span> <span class='ocrx_word' id='word_1_315' title='bbox 1040 3603 1189 3687; x_wconf 85' lang='lat' dir='ltr'>exiguam</span> 
     </span>
    </p>
   </div>
   <div class='ocr_carea' id='block_1_4' title="bbox 21 3873 1192 4521">
    <p class='ocr_par' dir='ltr' id='par_1_4' title="bbox 21 3873 1192 4029">
     <span class='ocr_line' id='line_1_32' title="bbox 90 3873 1192 3944; baseline 0.003 -20"><span class='ocrx_word' id='word_1_316' title='bbox 90 3875 120 3924; x_wconf 85' lang='grc'>15</span> <span class='ocrx_word' id='word_1_317' title='bbox 142 3891 173 3926; x_wconf 86' lang='grc' dir='ltr'>.ι.</span> <span class='ocrx_word' id='word_1_318' title='bbox 187 3873 266 3927; x_wconf 72' lang='lat' dir='ltr'>iratis&#39;</span> <span class='ocrx_word' id='word_1_319' title='bbox 275 3873 397 3928; x_wconf 67' lang='lat' dir='ltr'>udatur</span> <span class='ocrx_word' id='word_1_320' title='bbox 410 3876 436 3928; x_wconf 81' lang='lat' dir='ltr'>lo</span> <span class='ocrx_word' id='word_1_321' title='bbox 450 3877 479 3928; x_wconf 76' lang='lat' dir='ltr'>Je</span> <span class='ocrx_word' id='word_1_322' title='bbox 491 3879 536 3944; x_wconf 84' lang='lat' dir='ltr'>lq</span> <span class='ocrx_word' id='word_1_323' title='bbox 573 3879 603 3928; x_wconf 89' lang='grc'>16</span> <span class='ocrx_word' id='word_1_324' title='bbox 624 3893 651 3928; x_wconf 89' lang='lat'>.1.</span> <span class='ocrx_word' id='word_1_325' title='bbox 666 3891 736 3928; x_wconf 77' lang='lat' dir='ltr'>rann</span> <span class='ocrx_word' id='word_1_326' title='bbox 748 3875 817 3928; x_wconf 68' lang='lat' dir='ltr'>duce</span> <span class='ocrx_word' id='word_1_327' title='bbox 829 3877 859 3927; x_wconf 79' lang='lat' dir='ltr'>nl</span> <span class='ocrx_word' id='word_1_328' title='bbox 872 3873 996 3943; x_wconf 68' lang='lat' dir='ltr'>erqatar</span> <span class='ocrx_word' id='word_1_329' title='bbox 1007 3873 1056 3926; x_wconf 81' lang='lat' dir='ltr'>ode</span> <span class='ocrx_word' id='word_1_330' title='bbox 1067 3873 1121 3926; x_wconf 68' lang='lat' dir='ltr'>dim</span> <span class='ocrx_word' id='word_1_331' title='bbox 1134 3878 1148 3926; x_wconf 83' lang='lat'>7</span> <span class='ocrx_word' id='word_1_332' title='bbox 1161 3876 1192 3927; x_wconf 76' lang='lat' dir='ltr'>ni</span> 
     </span>
     <span class='ocr_line' id='line_1_33' title="bbox 21 3957 596 4029; baseline -0.003 -15"><span class='ocrx_word' id='word_1_333' title='bbox 21 3957 190 4028; x_wconf 66' lang='lat' dir='ltr'>soyrm&#39;atlter</span> <span class='ocrx_word' id='word_1_334' title='bbox 202 3976 248 4013; x_wconf 81' lang='lat' dir='ltr'>cea</span> <span class='ocrx_word' id='word_1_335' title='bbox 257 3959 349 4029; x_wconf 74' lang='lat' dir='ltr'>puttos&#39;</span> <span class='ocrx_word' id='word_1_336' title='bbox 383 3963 412 4012; x_wconf 86' lang='lat' dir='ltr'>ll</span> <span class='ocrx_word' id='word_1_337' title='bbox 433 3977 461 4012; x_wconf 87' lang='lat'>.1.</span> <span class='ocrx_word' id='word_1_338' title='bbox 476 3959 596 4012; x_wconf 63' lang='lat' dir='ltr'>emordet</span> 
     </span>
    </p>

    <p class='ocr_par' dir='ltr' id='par_1_5' title="bbox 21 4039 1191 4199">
     <span class='ocr_line' id='line_1_34' title="bbox 88 4039 1191 4114; baseline 0 -18"><span class='ocrx_word' id='word_1_339' title='bbox 88 4043 139 4114; x_wconf 77' lang='lat'>(5¹)</span> <span class='ocrx_word' id='word_1_340' title='bbox 183 4047 193 4096; x_wconf 92' lang='lat' dir='ltr'>l</span> <span class='ocrx_word' id='word_1_341' title='bbox 217 4061 245 4097; x_wconf 91' lang='grc' dir='ltr'>.ι.</span> <span class='ocrx_word' id='word_1_342' title='bbox 263 4044 337 4098; x_wconf 74' lang='lat' dir='ltr'>emi.</span> <span class='ocrx_word' id='word_1_343' title='bbox 360 4062 388 4098; x_wconf 83' lang='lat'>.1.</span> <span class='ocrx_word' id='word_1_344' title='bbox 407 4045 474 4098; x_wconf 77' lang='lat' dir='ltr'>nocis</span> <span class='ocrx_word' id='word_1_345' title='bbox 486 4044 573 4098; x_wconf 61' lang='lat' dir='ltr'>uertit</span> <span class='ocrx_word' id='word_1_346' title='bbox 583 4043 769 4111; x_wconf 75' lang='lat' dir='ltr'>forndaislt&#39;ch.</span> <span class='ocrx_word' id='word_1_347' title='bbox 783 4046 830 4096; x_wconf 80' lang='lat' dir='ltr'>adn</span> <span class='ocrx_word' id='word_1_348' title='bbox 865 4045 880 4094; x_wconf 77' lang='lat' dir='ltr'>l</span> <span class='ocrx_word' id='word_1_349' title='bbox 902 4060 929 4094; x_wconf 82' lang='lat'>.1.</span> <span class='ocrx_word' id='word_1_350' title='bbox 944 4039 1078 4092; x_wconf 65' lang='lat' dir='ltr'>indicatus</span> <span class='ocrx_word' id='word_1_351' title='bbox 1091 4042 1191 4096; x_wconf 64' lang='lat' dir='ltr'>tanaim</span> 
     </span>
     <span class='ocr_line' id='line_1_35' title="bbox 21 4125 482 4199; baseline 0.007 -19"><span class='ocrx_word' id='word_1_352' title='bbox 21 4125 267 4199; x_wconf 59' lang='lat' dir='ltr'>tapsusqatas</span> <span class='ocrx_word' id='word_1_353' title='bbox 300 4133 315 4183; x_wconf 85' lang='lat' dir='ltr'>s</span> <span class='ocrx_word' id='word_1_354' title='bbox 337 4148 364 4183; x_wconf 87' lang='lat'>.1.</span> <span class='ocrx_word' id='word_1_355' title='bbox 379 4128 482 4182; x_wconf 68' lang='lat' dir='ltr'>anam</span> 
     </span>
    </p>

    <p class='ocr_par' dir='ltr' id='par_1_6' title="bbox 21 4208 1192 4521">
     <span class='ocr_line' id='line_1_36' title="bbox 86 4208 1189 4284; baseline -0.001 -18"><span class='ocrx_word' id='word_1_356' title='bbox 86 4217 102 4266; x_wconf 80' lang='lat' dir='ltr'>l</span> <span class='ocrx_word' id='word_1_357' title='bbox 124 4213 167 4283; x_wconf 77' lang='lat' dir='ltr'>sur</span> <span class='ocrx_word' id='word_1_358' title='bbox 187 4215 284 4284; x_wconf 79' lang='lat' dir='ltr'>marg.)</span> <span class='ocrx_word' id='word_1_359' title='bbox 303 4211 435 4266; x_wconf 78' lang='lat' dir='ltr'>Nion&#39;ndt</span> <span class='ocrx_word' id='word_1_360' title='bbox 453 4213 502 4267; x_wconf 81' lang='lat' dir='ltr'>ded</span> <span class='ocrx_word' id='word_1_361' title='bbox 516 4213 569 4266; x_wconf 70' lang='lat' dir='ltr'>ott</span> <span class='ocrx_word' id='word_1_362' title='bbox 586 4213 684 4283; x_wconf 66' lang='lat' dir='ltr'>aposto</span> <span class='ocrx_word' id='word_1_363' title='bbox 703 4211 785 4264; x_wconf 72' lang='lat' dir='ltr'>noted</span> <span class='ocrx_word' id='word_1_364' title='bbox 802 4209 927 4263; x_wconf 78' lang='lat' dir='ltr'>indibeem</span> <span class='ocrx_word' id='word_1_365' title='bbox 944 4228 970 4278; x_wconf 86' lang='lat' dir='ltr'>q.</span> <span class='ocrx_word' id='word_1_366' title='bbox 984 4208 1113 4263; x_wconf 74' lang='lat' dir='ltr'>islar&#39;llt&#39;a.</span> <span class='ocrx_word' id='word_1_367' title='bbox 1127 4230 1149 4265; x_wconf 79' lang='lat' dir='ltr'>s.</span> <span class='ocrx_word' id='word_1_368' title='bbox 1164 4233 1189 4284; x_wconf 81' lang='lat' dir='ltr'>q.</span> 
     </span>
     <span class='ocr_line' id='line_1_37' title="bbox 21 4293 1192 4363; baseline 0.001 -12"><span class='ocrx_word' id='word_1_369' title='bbox 21 4296 123 4363; x_wconf 73' lang='lat' dir='ltr'>plenam</span> <span class='ocrx_word' id='word_1_370' title='bbox 142 4315 236 4352; x_wconf 73' lang='lat' dir='ltr'>esocem</span> <span class='ocrx_word' id='word_1_371' title='bbox 253 4315 304 4351; x_wconf 80' lang='lat' dir='ltr'>non</span> <span class='ocrx_word' id='word_1_372' title='bbox 323 4297 421 4353; x_wconf 70' lang='lat' dir='ltr'>tatem</span> <span class='ocrx_word' id='word_1_373' title='bbox 438 4299 508 4352; x_wconf 79' lang='lat' dir='ltr'>sicut</span> <span class='ocrx_word' id='word_1_374' title='bbox 525 4299 627 4352; x_wconf 76' lang='lat' dir='ltr'>meotes</span> <span class='ocrx_word' id='word_1_375' title='bbox 696 4302 710 4350; x_wconf 88' lang='lat'>5</span> <span class='ocrx_word' id='word_1_376' title='bbox 733 4316 760 4349; x_wconf 89' lang='lat'>.1.</span> <span class='ocrx_word' id='word_1_377' title='bbox 782 4303 820 4349; x_wconf 82' lang='lat' dir='ltr'>tre</span> <span class='ocrx_word' id='word_1_378' title='bbox 839 4293 958 4348; x_wconf 82' lang='lat' dir='ltr'>tlesduid</span> <span class='ocrx_word' id='word_1_379' title='bbox 968 4293 1046 4347; x_wconf 74' lang='lat' dir='ltr'>noted</span> <span class='ocrx_word' id='word_1_380' title='bbox 1060 4295 1126 4350; x_wconf 74' lang='lat' dir='ltr'>satu</span> <span class='ocrx_word' id='word_1_381' title='bbox 1135 4298 1192 4353; x_wconf 64' lang='lat' dir='ltr'>aa·</span> 
     </span>
     <span class='ocr_line' id='line_1_38' title="bbox 21 4377 1191 4452; baseline -0.001 -16"><span class='ocrx_word' id='word_1_382' title='bbox 21 4379 85 4436; x_wconf 68' lang='lat' dir='ltr'>desid</span> <span class='ocrx_word' id='word_1_383' title='bbox 133 4387 151 4438; x_wconf 79' lang='lat' dir='ltr'>s</span> <span class='ocrx_word' id='word_1_384' title='bbox 174 4401 203 4436; x_wconf 89' lang='lat'>.1.</span> <span class='ocrx_word' id='word_1_385' title='bbox 224 4381 298 4438; x_wconf 74' lang='lat' dir='ltr'>tide</span> <span class='ocrx_word' id='word_1_386' title='bbox 314 4383 497 4438; x_wconf 67' lang='lat' dir='ltr'>dominetur</span> <span class='ocrx_word' id='word_1_387' title='bbox 515 4383 586 4437; x_wconf 68' lang='lat' dir='ltr'>maia</span> <span class='ocrx_word' id='word_1_388' title='bbox 599 4383 656 4436; x_wconf 71' lang='lat' dir='ltr'>inat</span> <span class='ocrx_word' id='word_1_389' title='bbox 666 4401 693 4452; x_wconf 84' lang='lat' dir='ltr'>q.</span> <span class='ocrx_word' id='word_1_390' title='bbox 706 4399 731 4435; x_wconf 89' lang='lat' dir='ltr'>r.</span> <span class='ocrx_word' id='word_1_391' title='bbox 780 4385 795 4432; x_wconf 83' lang='lat'>7</span> <span class='ocrx_word' id='word_1_392' title='bbox 817 4399 844 4432; x_wconf 91' lang='lat'>.1.</span> <span class='ocrx_word' id='word_1_393' title='bbox 860 4377 1081 4448; x_wconf 68' lang='lat' dir='ltr'>ms&#39;elutttlaiqtlte</span> <span class='ocrx_word' id='word_1_394' title='bbox 1129 4387 1143 4435; x_wconf 79' lang='lat'><em>8</em></span> <span class='ocrx_word' id='word_1_395' title='bbox 1164 4403 1191 4438; x_wconf 87' lang='lat'>.1.</span> 
     </span>
     <span class='ocr_line' id='line_1_39' title="bbox 21 4463 99 4521; baseline 0.038 -3"><span class='ocrx_word' id='word_1_396' title='bbox 21 4463 99 4521; x_wconf 61' lang='lat' dir='ltr'>iubeo</span> 
     </span>
    </p>
   </div>
   <div class='ocr_carea' id='block_1_5' title="bbox 0 0 1506 5066">
    <p class='ocr_par' dir='ltr' id='par_1_7' title="bbox 0 0 1506 5066">
     <span class='ocr_line' id='line_1_40' title="bbox 0 0 1506 5066; baseline 0 11"><span class='ocrx_word' id='word_1_397' title='bbox 0 0 1506 5066; x_wconf 95' lang='lat' dir='ltr'> </span> 
     </span>
    </p>
   </div>
  </div>
 </body>
</html>
