2978 5054
292 373 355 437 922
505 377 565 442 VI.
586 381 615 440 2.
648 397 871 444 consraucmo
886 399 1025 446 roarron
1042 401 1239 449 mammen.

378 551 449 608 165.
476 551 537 615 Qui
555 546 559 632 Ι
579 553 693 613 modica
707 553 820 628 spernit
838 548 842 634 Ι
861 553 969 612 minuit
986 553 992 631 Ι
1010 555 1121 630 majora
1134 575 1187 632 per
1199 556 1297 614 horas.

378 655 449 710 170.
476 648 480 733 Ι
498 656 561 713 Cui-
569 661 680 714 sacrata
695 655 813 730 quidem
832 649 837 735 Ι
856 655 957 714 credas
977 655 982 732 Ι
1001 657 1167 716 cautissimo
1184 657 1190 733 Ι
1209 655 1325 714 carna*

374 783 524 867 Aspirata
538 783 636 847 hnon
648 795 697 848 cat
708 805 865 848 consonae
875 785 956 862 lo'co,
971 787 1027 849 sod
1038 787 1138 850 vocali
1151 787 1293 870 aequalis
1303 787 1426 850 habetur:

378 927 448 986 160.
475 931 619 1003 Tempora
633 927 704 984 dum
717 927 839 998 variant,
862 923 867 1010 Ι
887 930 1000 987 animur
1015 931 1053 988 ait
1069 951 1182 1006 semper
1202 925 1207 1010 Ι
1225 931 1368 988 honestas.

378 1031 449 1086 179.
476 1024 480 1109 Ι
497 1032 614 1087 Aurum
628 1031 744 1086 flamma
757 1031 870 1106 probat,
894 1030 899 1107 Ι
918 1032 1047 1090 homines
1061 1033 1185 1090 tentatio
1195 1033 1303 1108 junior.

375 1165 477 1228 Juxta
499 1175 664 1228 externam
686 1173 854 1248 utramque
876 1165 1092 1230 assonantiam
1113 1187 1180 1228 non
1194 1166 1286 1230 deest
1300 1165 1431 1230 ctiamin·

290 1279 395 1333 terna:

398 1393 450 1452 49.
476 1393 605 1452 Plurima
619 1393 742 1454 discenti
758 1393 764 1470 Ι
784 1415 894 1472 seraper
913 1389 917 1477 Ι
938 1393 1077 1472 sapientia
1091 1393 1205 1452 erescit.

395 1497 446 1554 59.
472 1497 599 1553 Tantam
618 1489 622 1575 Ι
641 1498 729 1555 verba
748 1497 753 1574 Ι
771 1497 867 1556 valent
880 1505 1020 1572 quantam
1035 1495 1231 1555 mercamini
1245 1496 1306 1554 illa.

398 1597 450 1653 61.
474 1597 544 1654 Non
559 1598 614 1656 erit
632 1592 637 1678 Ι
657 1599 777 1674 antiquo
792 1618 883 1657 novus
903 1593 907 1681 Ι
927 1599 1130 1658 anteferendus
1145 1599 1266 1657 amicus.
1330 1623 1332 1628 ·

398 1699 449 1756 73.
475 1696 575 1756 Vitam
590 1699 698 1776 quippo
718 1695 723 1781 Ι
744 1708 822 1758 acam
841 1698 846 1775 Ι
866 1707 924 1758 tora
937 1701 1042 1758 vitate
1061 1695 1066 1780 Ι
1087 1709 1177 1759 tuma.

379 1799 450 1856 137.
477 1800 522 1858 sit
541 1794 545 1882 Ι
565 1801 618 1858 tibi
633 1821 703 1859 curo
721 1802 727 1878 Ι
746 1809 811 1860 tace
830 1801 836 1877 Ι
856 1810 914 1862 ota
928 1802 1162 1860 matusalam.

374 1929 538 1993 Assonant
558 1930 655 1994 etiam
676 1931 712 1995 in
734 1931 796 2009 his,
814 1941 853 1995 ut
873 1931 909 1994 in
929 1929 1102 1995 hibernicis
1117 1932 1286 2018 exemplis,
1303 1952 1435 1996 consonae

290 2034 476 2100 inchoantes
491 2036 630 2100 radicem
645 2047 718 2121 post
731 2037 904 2121 particulas
919 2035 954 2100 in
969 2037 1168 2122 compositis:

379 2179 450 2237 128.
478 2175 621 2260 i'Sempcr
635 2181 666 2239 in
681 2201 730 2238 ore
745 2187 797 2239 tuo
812 2201 842 2240 re
851 2177 855 2262 Ι
864 2187 968 2239 sonent
982 2181 1060 2238 bona
1074 2182 1162 2239 verba
1181 2175 1186 2262 Ι
1206 2181 1322 2240 salutis.

380 2284 450 2340 154.
477 2283 613 2358 Corporis
629 2285 771 2342 auxilium
790 2277 794 2364 Ι
814 2283 927 2341 medico
941 2277 1094 2362 perimittc
1109 2281 1200 2341 fideli.

379 2383 450 2440 174.
478 2379 641 2464 Obicervat
659 2385 664 2460 Ι
685 2385 801 2460 sapiens
821 2383 826 2460 Ι
846 2385 902 2441 cibi
916 2391 1033 2460 tempus
1048 2385 1080 2442 in
1094 2404 1143 2443 ore
1158 2384 1310 2459 loquendi,

379 2485 449 2542 175.
476 2481 641 2566 ΙηΙεὶρὶεηε
656 2485 787 2562 loquitur
806 2484 811 2561 Ι
831 2493 962 2562 spretum
982 2479 986 2566 Ι
1006 2485 1069 2543 sine
1084 2494 1215 2562 ternpore
1230 2487 1360 2544 verbum.

375 2620 417 2682 In
433 2619 483 2683 his
499 2621 647 2685 omnibus
663 2621 845 2686 assonantia
860 2619 966 2686 finalis
982 2631 1030 2685 est
1045 2621 1283 2706 monosyllaba3
1301 2619 1391 2684 rarior
1402 2629 1437 2680 est

290 2725 460 2810 bisyllaba:

399 2853 449 2910 36.
474 2853 543 2910 Non
561 2850 567 2928 Ι
586 2851 687 2928 opibus
701 2853 779 2910 bona
793 2851 871 2912 ianm
885 2852 981 2922 dam,
1001 2851 1054 2912 sed
1068 2851 1196 2910 moribus
1215 2847 1220 2933 Ι
1239 2851 1335 2912 almis.

400 2956 451 3010 74.
478 2949 481 3032 Ι
500 2954 607 3012 Omnia
621 2972 674 3030 pro
689 2954 749 3012 vita
764 2961 833 3012 sunt
851 2951 857 3030 Ι
877 2953 1032 3012 amittenda
1046 2956 1163 3014 tumido.

383 3056 453 3112 192.
481 3054 484 3134 Ι
503 3055 646 3114 omnibus
661 3063 706 3114 cst
725 3055 730 3132 Ι
750 3053 852 3132 opr'buo
871 3055 877 3132 Ι
894 3056 998 3114 melior
1012 3057 1055 3113 vir
1074 3049 1079 3136 Ι
1098 3063 1197 3113 mente
1213 3057 1319 3114 fidelis.

377 3159 450 3216 207.
475 3157 583 3233 Diliqit
601 3151 605 3237 Ι
625 3158 672 3215 hio
687 3164 797 3226 natam,
816 3157 897 3232 virga
911 3157 963 3232 qui
978 3157 1097 3234 corripit
1114 3156 1121 3233 Ι
1139 3158 1233 3216 illum.

377 3293 437 3356 Est
451 3292 548 3356 etiam
563 3291 746 3356 assonantia
760 3291 866 3356 finalis
878 3291 1059 3376 copulativa
1070 3313 1222 3356 unacum
1234 3291 1365 3368 laterali,
1379 3291 1435 3354 itera

290 3398 395 3462 media
409 3398 445 3464 in
459 3399 602 3464 versibus
618 3397 673 3484 qui
687 3397 839 3484 prooemii
854 3398 923 3461 loco
938 3408 1015 3461 sunt
1029 3396 1065 3460 in
1079 3397 1291 3474 monosticha,
1309 3405 1398 3461 1-5:

463 3540 466 3624 Ι
484 3547 567 3601 Haec
581 3548 737 3619 praccepta
750 3542 831 3618 legat
844 3543 967 3601 devotus
982 3549 1012 3602 et
1031 3535 1035 3622 Ι
1054 3542 1177 3618 impleat
1194 3541 1201 3619 Ι
1219 3549 1297 3613 aem,

422 3641 425 3724 Ι
443 3647 591 3706 Virtutum
607 3645 699 3704 titulis
718 3645 724 3722 Ι
742 3646 833 3704 vitam
847 3647 898 3720 qui
913 3643 1030 3720 quaerit
1041 3645 1206 3713 honestam,

420 3749 477 3807 Vel
497 3743 501 3830 Ι
519 3747 654 3805 hominen
669 3748 744 3808 inter
760 3749 859 3824 cupiat
871 3747 1037 3824 praeclarus
1056 3745 1062 3821 Ι
1080 3745 1193 3814 haberi,

419 3851 476 3910 Vel
495 3845 500 3932 Ι
519 3870 631 3908 morum
652 3844 656 3930 Ι
675 3850 784 3908 maritis
799 3849 937 3908 coelestia
951 3869 1041 3926 regna
1059 3843 1063 3928 Ι
1083 3847 1195 3918 mereri,

422 3955 521 4028 Atque
537 3954 592 4011 deo
608 3953 726 4011 Christo
745 3951 751 4028 Ι
770 3951 867 4010 socius
887 3945 891 4032 Ι
911 3951 972 4010 ariao
986 3951 1044 4009 iim
1057 3949 1160 4008 videri.

294 4127 501 4135 —.-.——0---

361 4229 373 4254 ⁸
398 4227 431 4282 ln
451 4227 501 4282 hac
520 4227 668 4292 sententia,
690 4245 758 4298 quae
776 4227 857 4282 etiam
877 4225 1019 4282 Germania
1038 4223 1210 4296 proverbium
1228 4230 1269 4278 eat
1288 4223 1355 4291 (tr-au
1372 4215 1437 4270 sabaa

293 4329 359 4364 wem
369 4313 399 4382 !),
410 4309 432 4366 ai
444 4320 567 4366 accurate
580 4312 732 4383 inspicitur,
742 4329 864 4384 quaeque
876 4329 929 4368 vox
942 4309 1123 4364 coronantium
1136 4307 1266 4362 initialem
1276 4305 1358 4360 offert.
1377 4301 1438 4356 lim

293 4397 364 4450 enim
384 4397 464 4451 etiam
482 4397 589 4469 signare
600 4397 727 4468 ociorem,
742 4403 773 4452 ut
785 4417 799 4452 e
812 4415 875 4451 mox
888 4395 1064 4468 sequentibus
1077 4391 1208 4466 exemplis
1220 4399 1300 4464 patet,
1314 4396 1342 4444 et
1352 4385 1437 4460 pah

292 4497 347 4534 non
360 4481 450 4536 differt
461 4501 477 4537 a
488 4483 597 4538 cnidon.
