2986 5050
229 408 269 472 V.
290 414 319 470 1.
351 425 536 471 nnnrvsrro
552 425 757 470 sarrssnrcn
773 425 970 470 nsnrnnun.
1123 406 1185 467 805

42 598 115 640 mum
133 575 212 654 fecit,
230 599 269 639 ex
290 576 354 660 adj.
372 579 508 658 cadam)
526 584 556 654 3,
576 583 649 639 301.
673 599 711 640 ac
731 599 769 639 ae
783 573 974 660 hosnockaei
986 597 1029 660 yn
1042 574 1185 660 pymeint

41 685 78 762 (et
97 681 200 744 terruit
218 704 271 747 eos
291 683 354 758 ita3
378 683 400 745 i.
425 705 452 746 e.
479 683 605 746 timidos
628 681 720 758 fecit,
746 704 786 744 ex
805 681 869 764 adj.
894 682 1034 766 maroc)
1052 687 1082 756 3,
1105 686 1178 742 239.

40 788 101 851 Non
119 788 252 852 diversae
273 789 391 854 formae
413 800 490 852 sunt
504 799 618 852 neutra
632 785 870 852 denominativa
885 787 1093 870 congruentia
1107 809 1181 852 cum

39 893 182 957 hibernicis
203 894 238 956 in
254 894 363 979 -t'pime
384 917 491 980 meqys
509 891 726 980 ypnottayssei
738 896 790 974 (ut
804 903 975 956 consuetus
992 895 1071 976 erat)
1088 893 1177 956 Mab.

39 1005 62 1076 3,
77 1005 138 1062 301.
160 999 217 1085 hyr
238 999 467 1064 trabarkaawd
485 1021 558 1085 yoes
574 1001 688 1080 (donec
711 999 847 1062 durabat
867 999 933 1062 vita
953 999 1036 1083 ejus)
1054 1005 1084 1076 3,
1103 1003 1177 1062 239.

37 1105 157 1188 nycieit
178 1107 252 1190 byca
275 1106 460 1170 trabariae(
481 1107 564 1192 bwyt
583 1127 604 1168 a
625 1105 715 1190 llynn
737 1106 817 1185 (non
838 1116 1002 1190 caperetur
1022 1128 1178 1190 unquam,

38 1221 160 1288 castrum,
176 1213 277 1276 donec
298 1213 427 1276 duraret
449 1210 540 1274 cibus
563 1223 596 1274 et
616 1213 725 1296 potus)
745 1217 773 1286 1,
793 1214 866 1273 252.
890 1211 1017 1288 tristata,
1035 1211 1180 1296 arafhnn

38 1315 165 1395 (tristem,
189 1319 335 1400 quietum
358 1319 439 1394 esse)
459 1323 496 1394 1,
515 1323 567 1380 26.
587 1321 618 1393 2,
638 1322 711 1378 381.
744 1316 830 1380 Sunt
851 1317 1004 1380 armorica
1026 1317 1180 1382 hodierna

37 1419 164 1503 eiusmodi
187 1424 284 1487 verba
310 1445 351 1486 ex
376 1423 539 1506 adjectivis
565 1422 616 1486 vel
642 1421 866 1486 substantivis:
891 1423 1047 1488 dilianae(
1066 1425 1178 1506 (demi-

35 1549 122 1606 nuere,
136 1553 271 1614 parvum
291 1531 393 1594 facere
409 1527 569 1610 velden),
588 1526 768 1592 dtoantaat
783 1528 998 1612 (desiderare),
1010 1529 1180 1613 peoc’haat

35 1634 209 1718 (pedicare).

99 1741 276 1805 Mediarum
304 1740 517 1804 derivantium
546 1761 762 1804 connexarum
788 1745 933 1828 exempla
959 1745 1076 1809 rariora
1101 1758 1179 1810 sunt

34 1843 108 1910 etiam
126 1869 194 1911 cum
215 1849 342 1932 liquida
361 1845 473 1910 nasali.
507 1847 573 1909 ΜΒ
590 1856 622 1908 et
636 1847 702 1910 ND
718 1848 960 1914 substituendae
978 1862 1055 1914 sunt
1069 1851 1177 1916 formis

31 1949 130 2016 iniectis
149 1955 225 2019 hod.
245 1956 362 2018 eambr.
381 1952 518 2016 commen
534 1951 707 2035 (columba)
723 1975 797 2016 oum
818 1966 897 2018 nota
913 1957 1144 2040 singularitatis
1160 1981 1178 2022 e

31 2055 116 2135 colom,
132 2071 162 2124 et
174 2061 348 2147 ysyrifenu
364 2058 537 2139 (scribere),
553 2057 758 2142 ysprifimwr,
772 2061 989 2146 ysqrisenydd
1002 2063 1174 2148 (scriptor),

30 2181 97 2225 corn.
117 2165 287 2230 sericinis(
310 2164 471 2248 (scriptor)
487 2163 622 2239 Vocab.‚
640 2163 666 2226 si
689 2167 850 2228 confertur
872 2166 997 2231 hibern.
1019 2181 1082 2233 vet.
1099 2173 1177 2234 scri-

29 2264 100 2330 tend.
129 2270 261 2354 Integra
282 2279 405 2334 servata
426 2279 475 2333 est
496 2269 563 2332 sola
582 2269 718 2333 formula
733 2271 801 2334 NG
815 2271 1010 2356 frequentior
1029 2275 1126 2340 etiam
1141 2277 1177 2340 in

28 2373 165 2438 cimbricis
187 2377 339 2440 vocibus:
365 2375 547 2462 ynhustynp
563 2377 746 2458 (susurrans
756 2400 765 2451 ;
784 2376 859 2440 hod.
876 2377 1018 2464 hasting,
1035 2380 1173 2459 sibilare,

28 2497 59 2538 er
75 2475 154 2558 inst,
180 2487 346 2564 susurrus)
370 2481 459 2544 Mab.
479 2486 517 2558 2,
536 2489 587 2544 54.
618 2481 824 2566 teilynqdawt
845 2483 1011 2567 (dignitas)
1034 2487 1122 2550 Mab.
1143 2498 1172 2564 3,

30 2585 75 2644 233
88 2607 123 2648 ex
137 2589 199 2671 adj.
221 2588 346 2671 tes'lwnp
364 2585 512 2669 (dignus;
530 2587 570 2649 cs.
589 2586 712 2650 hibern.
731 2597 794 2652 vet.
810 2589 973 2673 tunlenp);
990 2593 1176 2674 praesertim

27 2687 53 2750 in
71 2693 162 2756 verbis
177 2693 236 2777 (ef,
253 2716 287 2777 p.
307 2695 401 2773 518):
424 2691 561 2774 qetlwny
577 2693 775 2774 (dimittere),
790 2703 930 2778 qestwnp
947 2697 1172 2782 (submittere),

26 2789 151 2882 iebnonq
173 2796 350 2879 (comitari,
374 2799 564 2878 conducere)
587 2783 675 2862 Mab.
697 2805 734 2874 1,
754 2807 783 2862 7.
803 2807 854 2862 31.
876 2807 996 2877 3,115.
1030 2804 1057 2865 Ε
1080 2807 1175 2869 verbo

26 2897 150 2986 (ebrunp
177 2917 288 2968 tamen
315 2903 495 2967 derivatum
520 2925 606 2967 corn.
636 2903 833 2982 hedrerwiat,
858 2905 1061 2973 hebrencttat
1080 2911 1174 2994 (dux)

26 3001 123 3070 Vocab.
139 3008 281 3074 indicare
296 3010 421 3074 videtur
436 3009 542 3093 potius
559 3021 699 3073 tenuem.

336 3270 367 3325 1.
399 3263 618 3327 Derivatio
646 3263 838 3326 tenuium.

94 3447 118 3508 P
133 3447 280 3510 derivans
295 3447 392 3510 rarior
408 3449 521 3512 ceteris
537 3449 571 3511 in
585 3449 695 3533 paucis
711 3449 762 3511 his
777 3448 921 3512 formulis
937 3452 1084 3540 occurrit.

94 3551 146 3615 ΕΡ
171 3553 207 3615 in
234 3553 443 3617 substantivis
469 3553 651 3617 cambricis:
681 3553 807 3637 Iinsnep
834 3553 957 3635 (facies)
979 3557 1023 3639 gl.
1049 3559 1170 3636 Oxou„

24 3647 131 3738 hynep
145 3658 223 3740 Leg.
245 3665 274 3720 1.
293 3661 323 3720 2.
344 3664 374 3734 3,
392 3657 521 3743 lawyneb
538 3660 627 3723 Mab.
648 3667 676 3736 1,
696 3665 769 3736 210,
790 3659 867 3722 alibi
885 3663 1027 3746 quneb.
1053 3673 1173 3748 moirep

25 3755 114 3842 wiligi
133 3763 226 3826 debet
240 3785 258 3826 e
272 3764 356 3846 plur.
374 3764 546 3846 modreped
559 3767 758 3846 (materterae
768 3789 777 3840 ;
798 3766 915 3828 cambr.
934 3765 1008 3828 hod.
1027 3770 1173 3854 modryb)

23 3859 59 3940 gl.
74 3865 172 3930 Onon.
205 3868 297 3930 Idem
319 3869 420 3931 subst.
439 3890 526 3932 corn.
541 3869 692 3934 *modereb
713 3869 851 3934 occurrit
870 3871 905 3934 in
919 3871 1054 3950 Vocab.‚
1072 3885 1104 3937 et
1125 3897 1173 3938 ur·

23 3982 90 4029 nor.
105 3992 178 4054 enep
192 3973 318 4055 (facies)
332 3971 368 4035 in
383 3973 469 4036 Buh.
492 3979 564 4051 124,
584 3983 613 4037 7.

93 4075 330 4160 Frequentiorer
346 4089 423 4141 sunt
437 4079 579 4162 duplices
591 4081 744 4144 formulae
757 4083 857 4159 TAP,
870 4083 969 4159 TEP,
984 4083 1105 4160 INEP,
1118 4087 1172 4149 ab·

22 4187 125 4243 attacta
138 4182 307 4246 formantes
322 4204 363 4246 ex
378 4183 557 4268 adjectivis:
583 4186 762 4272 ltpweirdeb
779 4189 996 4272 (apparatus),
1012 4189 1096 4270 plur.
1115 4189 1172 4275 ley-

23 4281 185 4352 neirdobeu
207 4287 319 4372 (etiam
338 4288 434 4354 hodie
455 4291 537 4353 -dab
560 4303 592 4355 et
614 4293 707 4374 net)
723 4294 812 4356 Mab.
834 4300 863 4370 l,
882 4302 911 4354 5.
935 4299 982 4355 15.
1003 4298 1075 4354 237.
1096 4299 1169 4358 233.

21 4383 197 4472 inumb,
222 4393 469 4479 anyltyssondeb.
484 4397 682 4479 (harmonia,
704 4397 939 4479 disharmonia)
956 4399 1044 4462 Mab.
1069 4405 1098 4478 2,
1118 4409 1170 4464 21.

22 4497 67 4552 16·
81 4499 256 4583 milliari
273 4499 408 4582 (feritas)
422 4501 511 4566 Mab.
530 4509 558 4579 1,
575 4507 647 4564 236.
681 4503 767 4566 Sunt
781 4502 958 4570 masculina
973 4505 1052 4568 haee
1068 4505 1102 4569 in
1118 4507 1173 4571 ho·
