2986 5050
230 374 270 436 V.
292 379 320 436 1.
357 391 540 438 naanrno
555 389 761 436 nanansrca
776 387 1005 438 nrournnauu.
1138 367 1201 430 795

22 495 23 500 Ν
56 545 167 608 am
186 543 312 624 (cauas)
328 543 407 624 Lag.
427 546 457 604 2.
479 549 508 604 1.
527 545 579 617 22,
604 540 749 606 raam
765 539 855 623 (hoa.
874 539 1040 624 caym,
1064 537 1110 623 pl.
1129 537 1201 602 zos-

53 654 176 735 pyraaa)
191 650 277 712 Mab.
299 655 328 724 1,
348 653 421 710 271.

124 972 155 1036 R
173 971 318 1038 derivans
340 969 519 1036 britannica
540 973 577 1052 a)
597 971 638 1034 ad
657 969 796 1034 radicem
816 969 867 1034 vel
889 969 1117 1034 derivationem
1135 968 1204 1053 jorn

54 1081 276 1163 praecedentem
296 1076 418 1140 accedit
437 1075 503 1140 sola
526 1097 583 1160 per
605 1097 649 1152 so,
669 1087 704 1138 ot
719 1087 840 1140 ceterae
855 1075 1004 1160 liquidae,
1018 1077 1136 1160 jamin
1152 1097 1204 1138 ve·

55 1195 127 1248 turta
138 1185 248 1269 lingua
261 1182 434 1248 cambrioa:
454 1183 533 1246 eaor
548 1183 708 1263 (theorus)
722 1182 767 1266 gl.
783 1183 865 1246 be.
880 1181 996 1266 poiche·
1012 1183 1201 1259 (ιι-22222122.

55 1289 115 1354 hod.
128 1291 292 1376 quclayr)
308 1289 341 1351 in
358 1287 527 1371 alphabeto
542 1288 661 1350 Nema.
677 1289 830 1352 oomdudr
845 1295 955 1370 (curva
969 1292 1065 1372 aqua)
1081 1289 1116 1350 in
1132 1288 1201 1350 cod.

55 1396 155 1474 licut,
172 1417 312 1480 compos.
330 1415 406 1457 oum
419 1394 520 1458 subet.
539 1393 632 1470 duda,
650 1396 735 1477 quod
749 1405 798 1457 est
812 1395 846 1457 in
862 1395 950 1457 Mab.
969 1395 1089 1479 dwsyr,
1104 1394 1202 1476 daosr,

54 1501 132 1566 hodia
145 1505 224 1566 deor.
250 1503 304 1564 Ita
314 1512 346 1564 et
357 1501 391 1562 in
404 1499 492 1562 ldab.
509 1504 539 1574 2,
556 1504 616 1562 238
628 1521 745 1563 nomen
757 1500 816 1562 viri
828 1512 877 1563 osc
888 1499 1002 1585 kelydr
1013 1511 1044 1562 et
1057 1500 1202 1584 tyledyr.

55 1607 155 1670 Deesse
169 1608 251 1670 solet
265 1605 382 1668 vocalis
397 1617 471 1668 ante
486 1626 505 1666 r
519 1605 687 1668 accedente
702 1605 856 1669 flexione:
876 1605 980 1670 lleotri
993 1609 1100 1684 (vasa3
1118 1604 1201 1686 sing.

55 1712 173 1796 11211512),
190 1712 358 1796 kebyatreu
373 1709 540 1794 (capistra3
559 1709 642 1798 sing.
660 1711 793 1792 oept‘ster
806 1711 851 1794 gl.
870 1713 950 1793 Ox.)
967 1711 1055 1775 Mab.
1074 1711 1152 1793 Lag.

123 1821 163 1881 ln
184 1816 347 1881 armoricis
369 1816 553 1880 nominibus
577 1815 711 1878 vetustis
732 1819 842 1880 eodem
865 1818 993 1901 scriptio
1008 1816 1155 1893 occurrit,
1174 1837 1202 1879 o.

54 1945 93 2006 gr.
108 1925 139 1988 in
153 1923 292 1988 chartul.
310 1922 459 1985 Rhedon.
477 1922 511 1984 in
527 1921 657 1984 nomine
672 1922 763 1984 fluvii
776 1926 842 1987 Atr
857 1925 940 1987 Mor.
961 1931 1034 2001 300,
1053 1936 1085 1988 ot
1099 1925 1134 1986 in
1149 1943 1205 1986 no-

53 2030 177 2093 minibus
192 2031 333 2093 virorum
347 2027 552 2090 Retdwalatr
571 2035 598 2104 1,
618 2035 648 2089 0.
667 2029 751 2091 Mor.
767 2035 841 2106 293,
858 2031 1086 2094 Radwolotrua
1104 2035 1134 2105 2,
1150 2035 1202 2104 23,

54 2136 240 2200 Rauolntruo
254 2143 283 2212 1,
297 2142 334 2195 14
348 2132 541 2216 compositis,
552 2143 590 2196 ut
601 2135 719 2196 camba.
741 2136 952 2220 Ootqoolenyr
963 2136 997 2199 in
1009 2136 1089 2198 libro
1100 2136 1203 2198 Land.

56 2247 116 2303 124.
145 2243 274 2304 Horum
294 2263 357 2304 vox
375 2238 529 2322 posterior
546 2240 679 2323 quatuor
695 2243 775 2322 (rex,
798 2242 1004 2324 gubernator)
1020 2239 1054 2303 in
1066 2217 1208 2324 'quolam

53 2347 260 2412 transformata
292 2345 454 2408 invenitur
479 2344 515 2408 in
547 2359 682 2428 utraque
708 2347 836 2429 lingua':
866 2345 983 2410 cambr.
1016 2347 1208 2430 Ootqualart

53 2453 159 2516 Chron.
183 2453 301 2516 cambr.
322 2452 357 2514 in
378 2451 476 2534 praef.
501 2453 541 2514 ad
564 2453 614 2515 ed.
633 2453 711 2535 Lag.
730 2475 763 2536 p.
782 2453 843 2529 IV,
866 2473 979 2516 annor.
1003 2453 1209 2518 Retdwalart

53 2558 151 2622 Chart.
173 2559 279 2622 Rhed.
301 2566 329 2635 1,
350 2566 379 2620 7.
399 2563 452 2620 38.
477 2557 687 2642 Ree'lquolort
705 2559 788 2622 Mor.
809 2565 882 2622 340.
905 2559 1072 2624 Riwalcrt
1094 2563 1130 2634 1,
1154 2565 1202 2633 15,

53 2665 149 2726 mam
168 2665 262 2727 modo
285 2673 324 2728 ut
344 2663 408 2746 adj.
434 2664 513 2726 oodr
539 2663 657 2746 legitur
685 2664 719 2726 in
742 2664 872 2726 nomine
894 2665 1069 2748 composito
1091 2663 1206 2746 gallico

54 2769 267 2832 Balatuoadrus
280 2780 312 2832 et
323 2768 554 2832 Balatucardus
565 2768 599 2830 in
611 2769 883 2852 inscriptionibus.
908 2769 1098 2832 Scribuntur
1110 2769 1207 2832 etiam

54 2871 192 2938 iuBuh.:
212 2874 291 2959 loffr
306 2874 477 2956 (leprosus)
496 2879 569 2950 196,
586 2879 636 2936 21.
655 2875 742 2958 eaffir
754 2874 905 2956 (deditus,
921 2875 1045 2954 favens)
1059 2881 1111 2950 00,
1130 2880 1161 2950 2,
1174 2886 1209 2937 et
1273 2941 1278 2948 ,

53 2977 134 3042 hodie
154 3001 279 3063 quoque
300 2979 393 3042 hono
408 2978 550 3060 (calcar),
569 3001 651 3061 quae
666 3001 728 3042 vox
743 2979 867 3042 cornice
882 2991 931 3042 ost
945 2979 1054 3044 denter
1069 2980 1205 3062 (olavus)

54 3081 81 3144 in
94 3085 177 3148 Pass.

126 3191 156 3272 b)
177 3189 362 3256 Praemittit
376 3189 499 3254 vocales
515 3199 685 3275 correptas,
704 3211 839 3274 quarum
854 3190 1082 3273 frequentiores
1097 3190 1205 3254 viden·

55 3304 98 3358 tur
110 3319 130 3358 o
142 3307 173 3360 et
187 3297 211 3360 ι’.

125 3405 184 3466 ΑΒ
199 3403 234 3465 in
250 3404 370 3466 subet:
388 3403 506 3465 eambr.
523 3403 607 3466 ador
621 3402 792 3484 (volucres)
806 3402 884 3484 Leg.
902 3409 930 3464 1.
949 3409 998 3464 10.
1015 3409 1052 3478 4,
1069 3409 1099 3464 5.
1115 3404 1204 3466 Mab.

58 3510 82 3580 1,
97 3511 125 3583 0,
140 3531 212 3572 oum
233 3518 311 3572 nota
325 3507 556 3590 singularitatis
571 3507 733 3572 inficiente
748 3507 870 3571 aleriam
885 3508 920 3570 in
935 3509 1031 3590 gloss.
1049 3511 1170 3586 Onon,
1189 3531 1207 3572 e

56 3611 132 3694 cuju
149 3614 254 3678 radice
275 3635 351 3676 curn
369 3635 392 3676 n
413 3612 576 3677 derivante
598 3624 675 3676 sunt
694 3613 862 3677 atanooion
877 3614 935 3696 (gl.
953 3614 1078 3697 aligeri)
1094 3624 1126 3677 et
1141 3623 1204 3690 eta,

56 3715 137 3782 otiaat
149 3721 240 3801 (avis,
255 3719 411 3800 volueres)
427 3718 461 3780 in
476 3719 590 3802 glossis
606 3719 688 3782 be.
704 3729 736 3782 et
750 3719 856 3782 Oxon.
872 3719 1008 3796 llcohor,
1026 3719 1208 3784 toalloodor

56 3821 218 3904 (splendor,
242 3823 342 3908 ignis)
359 3825 447 3886 Mab.
467 3830 497 3900 3,
519 3831 591 3886 304.
616 3825 734 3888 cambr.
757 3845 844 3888 corn.
868 3847 982 3890 ormor.
999 3847 1096 3888 masc.
1116 3825 1208 3887 lavor
1266 3841 1273 3854 '

57 3927 200 4008 (rubum,
225 3931 342 4010 sermo)
358 3927 402 4010 fq.
428 3949 542 3992 armor.
561 3929 698 4014 ytochor
721 3930 834 4011 (dolor,
857 3931 932 3994 hod.
948 3930 1094 4014 qloc’har
1114 3929 1206 4010 fem.)

57 4029 128 4095 Buh.
143 4035 187 4117 sq.

127 4140 165 4202 In
179 4138 359 4224 adjectivis:
386 4141 503 4202 eambr.
521 4139 654 4202 delabor
670 4140 849 4224 (eloquens)
864 4142 908 4224 gl.
927 4143 1033 4206 Oxou.
1051 4139 1209 4222 atquor

58 4241 512 4327 (nundentonam.
537 4265 623 4308 com.
646 4246 792 4330 omlafar
814 4246 950 4329 (infans;
975 4246 998 4308 i.
1020 4267 1048 4308 e.
1073 4267 1139 4310 non
1161 4245 1207 4308 lo·

57 4355 167 4431 quana),
184 4350 297 4416 bullar
312 4351 455 4433 (surdus)
470 4351 591 4416 Vocab.
608 4371 723 4414 armon.
738 4351 856 4414 douzor
871 4353 1015 4433 (surdus)
1027 4351 1114 4416 Buh.
1132 4359 1204 4429 154,

60 4456 100 4513 1⁰.
115 4455 220 4520 olom
233 4455 362 4537 (duan,
380 4457 540 4538 amabilis>
557 4463 608 4532 54,
629 4461 680 4517 aa.
701 4462 753 4530 aa,
774 4461 824 4517 ra.
844 4461 896 4531 92,
918 4463 968 4518 19.
