2978 5054
234 392 293 454 VI.
313 393 343 453 2.
375 409 597 456 consraucrvo
612 409 750 453 cosmos
768 407 964 452 arenarum.
1118 389 1181 452 913

142 681 173 752 Ι.
227 680 543 752 Constructio
569 677 762 773 poetica
787 677 1051 750 hibernica.

105 881 248 944 Formam
275 879 475 944 assonautiae
502 878 609 942 finalis
636 899 710 942 cum
732 879 842 942 eadem
864 878 965 941 vocali
988 889 1021 942 et
1041 901 1180 944 consona

34 985 208 1069 primitivam
228 985 481 1069 monosyllabam
503 983 705 1068 relinquendi
725 996 757 1048 et
779 985 1031 1067 transgrediendi
1046 985 1081 1050 in
1097 1009 1180 1052 asso-

34 1091 158 1155 nantiaru
177 1091 377 1176 bisyllabam,
395 1091 557 1153 interdum
579 1091 676 1154 etiam
691 1089 788 1154 trium
804 1090 1008 1174 syllabarum,
1026 1091 1182 1158 hibernici

34 1203 126 1279 politae
146 1198 179 1260 in
200 1217 260 1260 sua
280 1195 404 1280 lingua,
422 1206 460 1258 ut
473 1195 565 1258 latini
581 1195 743 1260 imitantes
758 1217 828 1259 eam
843 1195 988 1272 formam,
1005 1198 1178 1282 cognitam,

34 1313 63 1364 ut
83 1303 229 1386 conjicere
250 1302 341 1378 licet,
362 1301 431 1384 jam
452 1301 586 1364 vetustis
607 1301 729 1376 Gallis,
753 1301 787 1364 in
809 1301 911 1364 latina
932 1301 1054 1384 lingua,
1079 1305 1181 1388 magis

34 1407 72 1470 usi
90 1418 161 1470 sunt
180 1407 356 1482 occasione,
374 1428 470 1490 quam
492 1407 652 1482 cambrici,
670 1406 726 1490 qui
746 1405 834 1470 illam
855 1405 1051 1490 primitivam
1071 1431 1181 1472 mono-

33 1511 165 1595 sylhbam
184 1522 354 1576 servarant
374 1523 406 1575 et
427 1533 497 1574 raro
516 1511 705 1596 bisyllabam
725 1512 985 1576 terminationum
999 1513 1182 1596 grammati-

32 1617 140 1695 ealium,
157 1640 186 1680 e.
203 1639 254 1702 gr.
273 1618 349 1694 -ieu,
368 1616 446 1693 -ίοη,
464 1597 648 1681 ostendunt.
673 1619 816 1701 Apparet
829 1617 984 1701 bisyllaba
1000 1620 1182 1684 assonantia
1257 1605 1262 1618 ’

32 1721 172 1787 hibernica
193 1723 230 1786 in
253 1722 388 1786 vetustis
408 1722 575 1786 sententiis
595 1723 778 1801 hibernicis,
797 1745 877 1806 quae
892 1723 1042 1787 videntur
1055 1747 1182 1808 prover-

31 1827 81 1904 bia,
96 1851 122 1892 e.
138 1852 185 1913 gr.
204 1829 241 1892 in
263 1831 427 1892 Wb.16¹:
452 1813 641 1912 iapndtlt'do
662 1829 776 1893 cebir
798 1828 875 1892 caol
896 1828 1004 1892 lobir
1026 1829 1181 1914 iscotidib

31 1936 77 2019 (gl.
93 1937 145 2020 qui
165 1934 351 2000 consolatur
372 1933 510 1998 humiles
531 1935 609 1998 deus
618 1959 627 2012 3
651 1934 673 1998 i.
692 1956 720 1997 e.
737 1955 805 1998 mos
826 1934 855 1998 ei
870 1934 933 2012 hio,
951 1935 1081 2019 adjuvat
1095 1937 1181 2000 debi-

31 2041 81 2106 lem
99 2041 242 2125 quemvis
270 2040 305 2102 in
326 2039 611 2123 tribulationibus).
644 2040 750 2104 Facile
773 2049 838 2102 tam
859 2039 944 2104 hane
966 2043 1181 2106 assonantiam

30 2149 259 2232 suppeditarunt
281 2145 434 2210 vocabula
457 2145 633 2230 composita
652 2167 727 2208 cum
746 2167 810 2222 see,
829 2147 898 2223 dre,
916 2167 957 2223 s·,
976 2147 1011 2211 d·
1031 2147 1093 2211 sibi
1108 2169 1182 2212 con-

30 2257 118 2332 traria,
139 2265 177 2317 ut
196 2275 332 2328 somme,
352 2253 473 2316 domme
494 2251 607 2332 (dives,
632 2251 750 2335 inops),
775 2251 868 2328 edire,
891 2251 980 2316 deire
994 2253 1105 2335 (solus,
1123 2255 1182 2317 mi-

28 2361 117 2442 seria),
130 2381 229 2444 quam
241 2358 338 2422 etiam
350 2357 545 2442 trisyllabam
556 2357 787 2421 assonantiam:
802 2357 1006 2422 acchumaeltt
1015 2381 1054 2422 no
1066 2359 1182 2424 dochu-

28 2465 126 2544 mett,
142 2465 252 2549 setalip
268 2463 391 2548 dualiq,
409 2461 581 2528 sdinmiclte
596 2462 782 2540 ddinmiche,
802 2463 838 2528 di
850 2463 1041 2528 adinmechib
1059 2473 1075 2527 7
1093 2465 1181 2530 dan-

29 2572 129 2635 mechib
145 2577 191 2657 (p.
211 2573 303 2652 832).

96 2677 269 2742 Recentior
283 2674 387 2760 poesis
402 2674 565 2739 hibernica
580 2674 825 2739 constructionis
840 2697 990 2741 versuum
1004 2699 1077 2741 cum
1089 2679 1182 2744 certis

28 2783 201 2866 odeberum
216 2781 360 2846 numeris
377 2781 412 2844 in
426 2781 620 2846 carminibus
631 2781 724 2864 plura
735 2803 851 2865 genera
863 2783 964 2861 offert,
978 2785 1113 2869 propriis
1125 2806 1181 2847 no·

28 2889 148 2954 minibus
167 2887 335 2954 distincta.
367 2887 482 2950 Differt
496 2907 533 2950 ea
547 2886 650 2970 poe'sis
666 2908 685 2949 a
700 2886 789 2969 poesi
804 2909 870 2950 non
886 2888 990 2952 solum
1005 2901 1182 2954 ceterorum

28 2997 199 3078 populorum
228 2992 411 3058 recentioris
435 2993 582 3075 Europae
609 2991 665 3055 sed
687 2991 784 3054 etiam
804 2991 950 3056 affinium
973 2995 1182 3059 Cambrorum

28 3121 65 3176 eo,
77 3103 155 3184 quod
169 3103 251 3165 dum
265 3099 372 3164 finalis
387 3099 569 3162 assonantia
584 3100 713 3161 demum
728 3097 796 3160 sola
809 3098 992 3163 dominatur
1007 3101 1092 3182 apud
1109 3101 1178 3178 hos,

27 3201 162 3270 hibernici
183 3209 300 3292 politae
320 3203 422 3289 magis
441 3203 598 3268 initialem
617 3203 795 3280 coluerunt,
812 3203 920 3266 minus
936 3205 1075 3268 finalem.
1107 3208 1180 3268 Hu-

25 3308 67 3392 jus
85 3313 148 3377 loco
167 3311 308 3376 imitatio
332 3311 487 3394 quaedam
509 3309 720 3386 assonantiae,
740 3331 836 3392 quam
858 3311 898 3372 ob
914 3310 1124 3374 differentiam
1140 3314 1180 3376 ab

28 3418 191 3484 monada
214 3417 359 3500 ejusdem
382 3415 499 3480 vocalis
521 3414 726 3498 ejusdemque
747 3437 904 3479 consonae
928 3417 1048 3500 plena
1075 3417 1180 3482 dicam

28 3521 156 3609 deinceps
178 3521 411 3599 dimidiam,
436 3519 583 3596 invaluit,
602 3541 698 3602 quam
720 3519 834 3584 dicunt
855 3523 1177 3606 correspondentiam.

27 3625 102 3692 llaec
116 3631 260 3714 ejusdem
275 3627 392 3692 vocalis
408 3627 505 3691 solius
521 3625 737 3689 assonantiam
753 3626 867 3709 poscit,
882 3649 1094 3692 consonarum
1110 3639 1179 3693 tan-

28 3741 83 3796 tum
96 3737 238 3819 ejusdem
249 3734 358 3798 classis
370 3730 623 3816 congruentiam,
638 3753 666 3793 e.
683 3752 732 3814 gr.
746 3732 935 3812 mediarum,
951 3735 1108 3812 tenuium,
1123 3747 1180 3799 aut

27 3842 139 3906 mnino
152 3841 280 3906 nullam
292 3836 584 3923 (correspondentia
597 3837 736 3920 perfecta
751 3849 783 3901 et
797 3837 981 3922 imperfecta
996 3841 1046 3904 vel
1057 3841 1176 3916 fracta;

26 3941 58 4005 ct
79 3945 242 4010 O’Donov.
273 3946 417 4010 Gramm.
441 3967 473 4028 p.
493 3949 567 4006 415.
591 3946 679 4025 416).
727 3944 921 4008 Assonantia
949 3945 1026 4008 haec
1048 3945 1179 4010 dimidia

25 4047 178 4134 singularis
198 4063 247 4116 est
268 4063 300 4115 ct
314 4050 441 4136 propria
454 4049 593 4134 podtiees
608 4049 800 4125 hibernicae,
818 4049 950 4132 antiqua
966 4062 1084 4127 tamen,
1096 4051 1178 4134 jam·

25 4173 75 4236 que
99 4159 222 4222 obtinet
247 4157 282 4222 in
306 4157 442 4222 vetustis
470 4155 663 4220 carminibus
681 4155 777 4239 juxta
801 4155 1015 4220 assonantiarn
1036 4157 1175 4241 plenam.

25 4261 176 4328 Conbaria
196 4263 274 4327 huic
295 4275 344 4328 est
366 4261 560 4338 assonantia,
578 4283 674 4344 quam
694 4259 915 4344 primigeniam
931 4262 1060 4326 finalem
1075 4263 1178 4346 suspi-

25 4369 76 4432 ati
90 4391 211 4448 marvis,
229 4393 303 4434 cum
317 4371 428 4434 eadem
444 4389 583 4432 consona
598 4377 724 4431 tantm
741 4370 787 4450 (p.
807 4369 895 4448 911).

97 4477 204 4541 Prima
225 4475 373 4541 canninis
389 4472 595 4538 construendi
609 4472 741 4538 materia
757 4474 843 4556 apud
857 4472 1021 4537 Hibernos
1036 4487 1178 4538 vetustos

66 4589 125 4631 vor„
140 4577 179 4631 11.
930 4581 968 4637 58
