3082 5070
477 299 491 322 .

267 361 452 406 srrsrtmx.
486 362 627 406 cnossss
642 361 831 406 castarum.
846 363 1063 406 oxoursrssss.
1171 345 1253 407 1089

101 523 182 598 partu
195 511 335 596 proditus
351 522 462 576 auctor
476 514 568 594 erat).
594 535 611 575 o
626 511 741 576 coitoir
756 513 814 596 (gl.
832 513 942 596 pube).
967 513 1028 576 laco
1042 511 1252 578 oraclmoaou

100 619 149 702 (gl.
172 617 432 702 inguinibusque:
463 619 547 701 pube
573 618 688 703 premit
708 618 834 682 rabidos
856 617 1107 702 inguinibusque
1128 623 1248 702 canes).

98 722 196 806 opertis
211 723 268 807 (gl.
285 723 440 806 victima).
464 724 526 787 dur
542 724 600 808 (gl.
619 723 703 788 dira:
727 723 874 808 conjugis
888 723 1016 788 Atrides
1038 723 1168 788 victima
1182 724 1251 788 dira

97 828 171 910 fuit).

171 937 248 1018 (42¹)
271 936 314 1000 ha
329 935 397 1020 cra'p
414 935 472 1019 (gl.
487 947 629 1019 pectens,
644 935 760 999 ancilla
774 935 931 1020 capillos).
957 934 1041 999 atail
1054 935 1112 1018 (gl.
1128 935 1245 998 vicem:

96 1062 151 1104 non
164 1041 275 1126 poteris
291 1042 361 1126 ipsa
374 1042 488 1105 referre
503 1041 630 1124 vicem).

169 1144 247 1230 (45¹³)
270 1157 429 1214 anamma
445 1147 503 1230 (gl.
521 1145 678 1232 perjuria:
707 1147 728 1210 J
730 1145 857 1231 uppiter
878 1147 997 1210 exalto
1012 1146 1249 1233 perjuriaridet

94 1255 268 1335 amantum).

316 1477 382 1540 Ill.
421 1477 696 1560 Alphabetum
718 1475 1004 1540 brittanicum.
1074 1533 1089 1558 ‚⁴

163 1664 241 1744 (20¹)
265 1661 448 1724 Nemniuus
465 1661 541 1724 istas
557 1659 673 1746 reperit
687 1661 795 1726 literas
810 1660 1014 1744 uituperante
1030 1660 1166 1744 quodam
1179 1681 1245 1722 sco-

88 1763 186 1830 lastico
205 1768 348 1831 saxonici
370 1768 496 1852 generis
518 1767 593 1850 quia
607 1765 761 1832 brittones
776 1788 843 1830 non
859 1767 1013 1829 haberent
1027 1765 1246 1830 rudimentum

88 1881 115 1933 at
135 1871 197 1956 ipsa
216 1874 323 1937 subito
344 1897 383 1938 ex
399 1872 635 1938 machinatione
650 1871 767 1934 mentis
782 1893 858 1935 suae
873 1871 1024 1936 formauit
1038 1893 1090 1934 eas
1106 1881 1144 1934 ut
1158 1871 1243 1934 uitu-

86 1979 266 2060 perationem
288 1991 320 2044 et
343 1979 563 2044 hebitudinem
582 1977 737 2042 deieceret
752 1977 857 2062 gentis
873 1999 960 2042 suae.
978 1979 1017 2041 de
1032 1977 1142 2062 liguris
1158 1977 1244 2042 etde

86 2084 254 2150 nominibus
272 2086 392 2150 dicens.

160 2213 178 2253 a
198 2193 284 2256 alar.
309 2194 330 2256 b
353 2194 456 2258 baut.
483 2215 499 2254 c
522 2191 613 2255 crrsll.
639 2191 661 2252 d
682 2187 775 2252 decu.
799 2212 816 2251 e
838 2187 920 2273 equi.
943 2189 1050 2274 fflclr.
1072 2189 1239 2276 gpuiclsr.

85 2291 242 2392 hlur'hi
267 2297 393 2364 ieclur't.
434 2299 567 2362 kkom.
599 2295 751 2358 llouber.
784 2317 817 2358 m
839 2297 938 2359 mua'n.
971 2319 994 2359 n
1016 2295 1118 2360 nulia.
1151 2319 1238 2361 oor.

82 2475 171 2535 lumen.
191 2501 205 2534 o
224 2483 329 2549 caitoir,
344 2483 431 2555 pube;
452 2483 516 2537 hod.
531 2481 641 2547 cedaar,
656 2482 751 2552 pubes,
766 2479 839 2533 unde
854 2481 998 2550 cedorawp,
1013 2481 1107 2551 puber,
1122 2483 1238 2552 cedorsa,

82 2560 147 2618 locus
159 2567 245 2636 pubis,
261 2569 404 2633 abdomen,
418 2585 516 2622 armar.
531 2569 634 2632 kcaour,
649 2568 771 2630 tamn,
783 2566 921 2636 pubertas.
941 2566 991 2618 hcc
1002 2567 1187 2630 orcchmorsou,
1200 2567 1237 2638 gl.
1268 2585 1273 2594 ·

80 2647 297 2724 inguinibusque:
318 2655 367 2706 hac
386 2671 435 2724 pro
454 2672 494 2719 ac,
509 2661 550 2718 et;
564 2654 719 2716 rotmanos,
733 2650 803 2722 plur.
818 2649 904 2704 subst.
918 2651 1038 2715 aelmon,
1053 2651 1118 2706 hod.
1132 2653 1237 2721 acquerr,

80 2735 202 2804 pudenda,
223 2758 238 2792 e
254 2738 372 2809 simplici
390 2739 448 2802 ach,
469 2737 616 2809 generatio,
637 2737 665 2790 in
684 2735 784 2789 Vocab.
805 2734 912 2789 soboles
933 2736 978 2805 (cf.
993 2753 1021 2806 p.
1038 2736 1107 2806 792).
1133 2739 1250 2806 apertis,

79 2836 150 2891 supra
161 2823 216 2876 37⁵.
236 2825 296 2888 dur,
312 2823 350 2894 gl.
364 2823 437 2888 dira,
458 2829 566 2877 exstant
583 2823 648 2875 hod.
669 2820 756 2874 subet.
776 2819 834 2884 dur,
857 2821 976 2892 chalybs,
991 2821 1065 2876 verb.
1080 2823 1179 2886 durare,
1195 2823 1237 2876 lir-

79 2919 149 2972 mare,
163 2909 269 2974 durare,
284 2908 339 2979 adj.
353 2909 466 2972 drcrowl,
480 2909 593 2972 solidus,
608 2907 702 2970 durus,
716 2905 835 2975 duredip,
847 2905 969 2972 duratus,
982 2907 1091 2961 densus.
1112 2907 1145 2960 ln
1158 2907 1234 2960 Mab.

77 2991 99 3054 2,
111 2993 170 3046 378:
187 2994 275 3047 trawr't
286 2994 369 3048 ardut
383 2995 536 3065 (percussus
547 2991 631 3056 nudo,
646 2989 760 3061 gladio).

138 3078 201 3150 (⁴2¹)
221 3081 257 3132 ltu
276 3080 343 3149 erip,
358 3079 395 3150 gl.
409 3089 528 3152 pectens,
548 3078 567 3132 i.
582 3095 605 3130 e.
623 3076 744 3148 pectine:
766 3095 857 3147 praep.
872 3077 907 3130 ha
924 3095 973 3148 pro
989 3095 1015 3143 a,
1029 3094 1061 3128 ac
1078 3085 1140 3130 arrte
1158 3095 1236 3130 voca·

76 3158 117 3226 les,
134 3181 192 3218 curn
207 3165 245 3236 (p.
261 3166 339 3236 639);
365 3164 431 3234 carp,
446 3171 551 3235 pecten,
572 3161 637 3216 hod.
657 3161 722 3214 crib.
744 3161 820 3226 atail,
841 3161 879 3232 gl.
900 3162 995 3227 vicem,
1009 3163 1028 3214 i.
1043 3179 1067 3215 e.
1080 3163 1235 3216 retributio-

74 3261 136 3312 nem,
149 3249 235 3304 subst.
249 3268 368 3321 compos.
382 3249 469 3314 ataid,
485 3266 499 3301 e
512 3255 587 3318 part.
595 3252 635 3299 ct·
650 3245 686 3318 (p.
702 3249 774 3314 812),
789 3253 816 3300 et
828 3246 874 3310 orl,
889 3247 1041 3302 alternatio.

134 3333 198 3406 (45⁵)
219 3340 365 3400 anamma,
385 3335 456 3405 plur.
475 3332 562 3386 subst.
582 3337 692 3397 carrion,
713 3331 778 3384 hod.
798 3333 912 3408 nnuma,
927 3332 965 3402 pl.
979 3334 1130 3398 comarco,
1145 3335 1233 3404 perju-

73 3415 143 3486 rium,
152 3421 205 3491 adj.
215 3420 390 3491 αηαᾱοηαωρ,
405 3417 572 3482 αηιιάοπαιοί,
582 3418 715 3488 perjurus,
726 3435 843 3489 compos.
857 3435 890 3472 ex
903 3435 949 3470 ars·
962 3418 1095 3489 privativa
1106 3427 1134 3472 et
1146 3420 1231 3474 subst.

74 3503 142 3570 adam
162 3505 321 3571 exsecratio,
340 3505 418 3576 cujus
436 3505 510 3558 verb.
530 3503 619 3566 udoni,
633 3502 774 3568 exsecrari,
790 3521 858 3574 quaa
876 3503 934 3574 ipsa
951 3503 1076 3558 videntur
1093 3505 1200 3576 prodire
1219 3525 1233 3560 e

72 3587 149 3643 subst.
169 3591 212 3657 ad,
233 3591 348 3655 sonitus,
368 3589 442 3644 verb.
461 3590 546 3654 adoro,
561 3587 675 3641 ululare.
700 3589 845 3642 Notandus
862 3597 990 3644 accentus
1007 3600 1103 3646 acutus
1122 3610 1204 3663 supra
1215 3611 1233 3647 rs

71 3674 136 3728 rocis
153 3684 267 3746 utusque
286 3677 314 3729 in
327 3675 428 3740 codice,
443 3691 508 3728 num
521 3673 556 3726 ob
568 3675 817 3745 pronuntiationem
830 3673 921 3728 earum
933 3675 1101 3731 molliorem?
1120 3679 1232 3749 Conspi-

71 3757 134 3812 citur
150 3769 240 3816 tamsn
256 3762 328 3815 idem
341 3766 467 3814 accentus
480 3759 538 3812 sine
551 3767 625 3810 certa
636 3759 740 3812 ratione
752 3759 861 3812 additus
874 3759 953 3814 etiam
968 3761 996 3813 in
1009 3763 1146 3816 vocalibus
1160 3765 1232 3818 vocis

69 3859 142 3914 supra
156 3847 254 3902 allatae
265 3849 381 3902 ccinssrri
392 3853 474 3916 atquc
487 3844 626 3898 nominum
639 3844 775 3915 alphabeti
788 3863 851 3898 mox
865 3847 1002 3916 sequentis
1014 3845 1142 3902 Nemuivi
1154 3851 1229 3914 curli,

69 3927 128 3996 lull,
143 3935 225 3996 rrrrsin,
241 3937 294 3998 uir,
309 3939 340 3985 ut
359 3931 387 3984 iu
399 3929 523 4000 pluribus
536 3929 647 3984 vocibus
660 3929 729 3982 inira
742 3930 792 3982 sub
806 3930 853 3996 IV,
870 3930 975 4001 saepius
988 3931 1016 3983 in
1029 3931 1140 4000 Vocab,
1156 3951 1230 4003 prae·

68 4017 151 4071 sertim
163 4019 191 4072 in
205 4018 292 4072 vocali
305 4017 323 4070 i.

129 4101 192 4174 (20¹)
213 4103 246 4156 In
267 4108 345 4156 textu
364 4101 449 4154 lutino
465 4100 560 4170 scripsi
572 4100 738 4170 occupa-rna
750 4101 862 4170 quodam
876 4118 924 4170 pro
937 4099 1053 4170 puidam,
1069 4104 1142 4174 quod
1155 4105 1229 4158 exhi-

68 4183 108 4240 bet
119 4189 211 4244 oodex.
232 4189 348 4259 Figurae
361 4185 499 4241 literarum
511 4185 612 4239 runicis
625 4185 725 4238 similes
736 4186 816 4239 etiam
827 4185 976 4254 exprimere
986 4183 1164 4243 necessarium
1175 4208 1229 4244 non

64 4271 144 4328 risum
157 4284 198 4330 eat
212 4275 258 4345 (cl.
273 4273 382 4344 prael.)

126 4359 192 4415 Post
215 4380 228 4414 a
254 4361 322 4414 mira
347 4365 412 4414 sunt
434 4359 513 4428 signa
537 4367 564 4412 et
584 4357 693 4411 nomina
712 4356 944 4428 diphthongorum
963 4375 993 4409 cc
1010 4376 1046 4411 ar:
1063 4358 1089 4412 ei
1105 4378 1137 4411 err
1156 4367 1183 4412 et
1201 4379 1230 4414 oa

64 4442 135 4513 (quse
148 4445 175 4499 in
189 4447 243 4500 line
255 4445 387 4518 additur),
402 4461 516 4516 quorum
530 4443 640 4498 nominc
653 4443 768 4514 priorem
781 4441 865 4495 solam
880 4441 998 4496 vocalem
1011 4461 1074 4514 prae
1087 4461 1116 4497 se
1128 4443 1227 4509 lerunt,

113 4545 175 4586 roc.
191 4531 232 4585 ll.
982 4535 1020 4591 69
